%% This BibTeX bibliography file was created using BibDesk.
%% http://bibdesk.sourceforge.net/


%% Created for Peter Blouw at 2015-09-29 21:35:44 -0400 


%% Saved with string encoding Unicode (UTF-8) 



@article{Oliver:2014,
	Author = {Oliver, M.},
	Date-Added = {2015-09-23 20:12:59 +0000},
	Date-Modified = {2015-09-23 20:15:07 +0000},
	Journal = {Lingua},
	Pages = {55-73},
	Title = {Interpretation as optimization: Constitutive material adjectives.},
	Volume = {149},
	Year = {2014}}

@incollection{Anat:2014,
	Author = {Biletzki, A. and Matar, A.},
	Booktitle = {Stanford Encyclopedia of Philosophy},
	Date-Added = {2015-09-23 07:10:38 +0000},
	Date-Modified = {2015-09-23 07:42:51 +0000},
	Publisher = {CSLI Publications},
	Title = {Ludwig {W}ittgenstein},
	Year = {2014}}

@article{FodorPylyshyn:1988,
	Author = {Fodor, J. and Pylyshyn, Z.},
	Date-Added = {2015-09-23 03:40:20 +0000},
	Date-Modified = {2015-09-23 03:41:41 +0000},
	Journal = {Cognition},
	Number = {1-2},
	Pages = {3-71},
	Title = {Connectionism and cognitive architecture: A critical analysis.},
	Volume = {28},
	Year = {1988}}

@inproceedings{Sahlgren:2008,
	Author = {Sahlgren, M. and Holst, A. and Kanerva, P.},
	Booktitle = {Proceedings of the 30th Annual Meeting of the Cognitive Science Society.},
	Date-Added = {2015-09-23 03:34:22 +0000},
	Date-Modified = {2015-09-23 03:38:37 +0000},
	Pages = {1300-1305},
	Title = {Permutations as a means to encode order in word space.},
	Year = {2008}}

@article{Frankland:2015,
	Author = {Frankland, S. and Greene, J.},
	Date-Added = {2015-09-23 02:08:21 +0000},
	Date-Modified = {2015-09-23 02:09:23 +0000},
	Journal = {Proceedings of the National Academy of Science},
	Number = {37},
	Pages = {11732-11737},
	Title = {An architecture for encoding sentence meaning in left mid-superior temporal cortex.},
	Volume = {112},
	Year = {2015}}

@article{Fillmore:1976,
	Author = {Fillmore, C.},
	Date-Added = {2015-09-22 23:27:06 +0000},
	Date-Modified = {2015-09-22 23:28:09 +0000},
	Journal = {Annals of the New York Academy of Sciences},
	Pages = {20-32},
	Title = {Frame semantics and the nature of language.},
	Year = {1976}}

@article{clark:2013,
	Author = {Clark, A.},
	Date-Added = {2015-09-22 22:02:40 +0000},
	Date-Modified = {2015-09-22 22:03:27 +0000},
	Journal = {Behavioral and Brain Sciences},
	Pages = {181-253},
	Title = {Whatever next? Predictive brains, situated agents, and the future of cognitive science.},
	Volume = {36},
	Year = {2013}}

@incollection{Petruck:1996,
	Author = {Petruck, M.},
	Booktitle = {Handbook of Pragmatics},
	Date-Added = {2015-09-22 05:38:00 +0000},
	Date-Modified = {2015-09-23 07:09:58 +0000},
	Editor = {Jef Verschueren and Jan-Ola {\"O}stman and Jan Blommaert and Chris Bulcaen},
	Pages = {1-13},
	Publisher = {John Benjamins},
	Title = {Frame Semantics},
	Year = {1996}}

@article{Levesque:2011,
	Author = {Levesque, H.},
	Date-Added = {2015-09-21 23:19:00 +0000},
	Date-Modified = {2015-09-21 23:21:58 +0000},
	Journal = {Common Sense},
	Title = {The Winograd schema challenge},
	Year = {2011}}

@article{Grefenstette:2015,
	Author = {Grefenstette, E. and Sadrzadeh, M.},
	Date-Added = {2015-09-21 23:06:29 +0000},
	Date-Modified = {2015-09-21 23:08:23 +0000},
	Journal = {Computational Linguistics},
	Number = {1},
	Pages = {71-118},
	Title = {Concrete models and empirical evaluations for the categorical compositional distributional model of meaning.},
	Volume = {41},
	Year = {2015}}

@article{Gildea:2002,
	Author = {Gildea, D. and Jurafsky, D.},
	Date-Added = {2015-09-21 22:39:01 +0000},
	Date-Modified = {2015-09-21 23:17:44 +0000},
	Journal = {Computational Linguistics},
	Number = {3},
	Pages = {1-45},
	Title = {Automatic semantic role labelling},
	Volume = {28},
	Year = {2002}}

@inproceedings{Bowman:2015,
	Author = {Bowman, S. and Angeli, G. and Potts, C. and Manning, C.},
	Booktitle = {Proceedings of the 2015 Conference on Empirical Methods in Natural Language Processing},
	Date-Added = {2015-09-21 21:12:49 +0000},
	Date-Modified = {2015-09-21 21:14:34 +0000},
	Pages = {632-642},
	Publisher = {Association for Computational Linguistics},
	Title = {A large annotated corpus for learning natural language inference},
	Year = {2015}}

@article{McClelland:2010,
	Author = {McClelland, J. and Botvinick, M. and Noelle, D. and Plaut, D. and Rogers, T. and Seidenberg, M. and Smith, L.},
	Date-Added = {2015-09-21 21:08:42 +0000},
	Date-Modified = {2015-09-21 21:10:20 +0000},
	Journal = {Trends in Cognitive Sciences},
	Number = {8},
	Pages = {348-356},
	Title = {Letting structure emerge: Connectionist and dynamical systems approaches to cognitive modelling},
	Volume = {14},
	Year = {2010}}

@book{Wittgenstein:1953,
	Author = {Wittgenstein, L.},
	Date-Added = {2015-09-21 21:05:47 +0000},
	Date-Modified = {2015-09-21 21:07:47 +0000},
	Editor = {Hacker, P. and Shulte, J.},
	Publisher = {Wiley-Blackwell},
	Title = {Philosophical Investigations},
	Year = {1953}}

@article{Harman:1982,
	Author = {Harman, G.},
	Date-Added = {2015-09-21 21:03:17 +0000},
	Date-Modified = {2015-09-21 21:05:35 +0000},
	Journal = {Notre Dame Journal of Formal Logic},
	Number = {242-256},
	Title = {Conceptual Role Semantics},
	Volume = {23},
	Year = {1982}}

@article{Weston:2015,
	Author = {Weston, J. and Bordes, A. and Chopra, S. and Mikolov, T. and Rush, A.},
	Date-Added = {2015-09-16 07:50:14 +0000},
	Date-Modified = {2015-09-16 07:51:40 +0000},
	Journal = {ArXiv},
	Pages = {1-11},
	Title = {Towards AI-Complete Question Answering},
	Year = {2015}}

@inproceedings{Weston:2014,
	Author = {Weston, J. and Chopra, S. and Bordes, A.},
	Booktitle = {Internation Conference on Learning Representations},
	Date-Added = {2015-09-16 07:41:44 +0000},
	Date-Modified = {2015-09-16 07:48:32 +0000},
	Journal = {ArXiv},
	Pages = {1-15},
	Publisher = {ArXiv},
	Title = {Memory Networks},
	Year = {2015}}

@article{Christiansen:2015,
	Author = {Christiansen, M. and Chater, N.},
	Date-Added = {2015-09-16 07:30:01 +0000},
	Date-Modified = {2015-09-16 07:30:25 +0000},
	Journal = {Behavioral and Brain Sciences},
	Title = {The Now-or-Never Bottleneck: A Fundamental Constraint on Language},
	Year = {in press}}

@incollection{Partee:1980,
	Author = {Partee, B.},
	Booktitle = {Semantics from Different Points of View},
	Date-Added = {2015-09-16 07:21:50 +0000},
	Date-Modified = {2015-09-16 07:24:33 +0000},
	Editor = {E. Bauerle and A. von Stechow.},
	Publisher = {Berlin: Springer-Verlag},
	Title = {Semantics - Mathematics or Psychology?},
	Year = {1980}}

@article{Seidenberg:1997,
	Author = {Seidenberg, M.},
	Date-Added = {2015-09-16 07:18:36 +0000},
	Date-Modified = {2015-09-16 07:19:40 +0000},
	Journal = {Science},
	Number = {1599-1603},
	Title = {Language Acquisition and Use: Learning and Applying Probabilistic Constraints},
	Volume = {275},
	Year = {1997}}

@article{Plaut:1996,
	Author = {Plaut, D. and Seidenberg, M. and Patterson, K.},
	Date-Added = {2015-09-16 07:15:33 +0000},
	Date-Modified = {2015-09-16 07:16:58 +0000},
	Journal = {Psychological Review},
	Number = {1},
	Pages = {56-115},
	Title = {Understanding Normal and Impaired Word Reading: Computational Principles in Quasi-Regular Domains},
	Volume = {103},
	Year = {1996}}

@article{Elman:1990,
	Author = {Elman, J.},
	Date-Added = {2015-09-16 07:12:03 +0000},
	Date-Modified = {2015-09-16 07:13:03 +0000},
	Journal = {Cognitive Science},
	Pages = {179-211},
	Title = {Finding Structure in Time},
	Volume = {14},
	Year = {1990}}

@article{Liang:2013,
	Author = {Liang, P. and Jordan, M. and Klein, D.},
	Date-Added = {2015-09-16 07:10:23 +0000},
	Date-Modified = {2015-09-16 07:26:10 +0000},
	Journal = {Computational Linguistics},
	Pages = {389-446},
	Title = {Learning Dependency-Based Compositional Semantics},
	Volume = {39},
	Year = {2013}}

@article{Unnsteinsson:2014,
	Author = {Unnsteinsson, E.},
	Date-Added = {2015-09-16 07:04:08 +0000},
	Date-Modified = {2015-09-16 07:04:48 +0000},
	Journal = {Synthese},
	Title = {Compositionality and Sandbag Semantics},
	Year = {2014}}

@book{Churchland:1989,
	Author = {Churchland, P.S.},
	Date-Added = {2015-09-16 06:57:16 +0000},
	Date-Modified = {2015-09-16 06:57:55 +0000},
	Publisher = {MIT Press},
	Title = {Neurophilosophy: Toward a Unified Science of the Mind-Brain},
	Year = {1989}}

@book{Recanati:2004,
	Author = {Recanati, F.},
	Date-Added = {2015-09-16 06:53:09 +0000},
	Date-Modified = {2015-09-16 06:53:54 +0000},
	Publisher = {Cambridge University Press},
	Title = {Literal Meaning},
	Year = {2004}}

@incollection{Szabo:2013,
	Author = {Szabo, Z.},
	Booktitle = {Stanford Encyclopedia of Philosophy},
	Date-Added = {2015-09-16 06:51:38 +0000},
	Date-Modified = {2015-09-23 07:43:14 +0000},
	Editor = {E. Zalta},
	Publisher = {CSLI Publications},
	Title = {Compositionality},
	Url = {http://plato.stanford.edu/archives/fall2013/entries/compositionality/},
	Year = {2013},
	Bdsk-Url-1 = {http://plato.stanford.edu/archives/fall2013/entries/compositionality/}}

@incollection{Speaks:2014,
	Author = {Speaks, J.},
	Booktitle = {Stanford Encyclopedia of Philosophy},
	Date-Added = {2015-09-16 06:49:26 +0000},
	Date-Modified = {2015-09-23 07:43:21 +0000},
	Editor = {E. Zalta},
	Publisher = {CSLI Publications},
	Title = {Theories of Meaning},
	Url = {http://plato.stanford.edu/archives/fall2014/entries/meaning/},
	Year = {2014},
	Bdsk-Url-1 = {http://plato.stanford.edu/archives/fall2014/entries/meaning/}}

@article{Davidson:1967,
	Author = {Davidson, D.},
	Date-Added = {2015-09-16 06:47:03 +0000},
	Date-Modified = {2015-09-16 06:48:05 +0000},
	Journal = {Synthese},
	Number = {1},
	Pages = {304-323},
	Title = {Truth and Meaning},
	Volume = {17},
	Year = {1967}}

@article{Lewis:1970,
	Author = {Lewis, D.},
	Date-Added = {2015-09-16 06:44:29 +0000},
	Date-Modified = {2015-09-16 06:46:28 +0000},
	Journal = {Synthese},
	Number = {1},
	Pages = {18-67},
	Title = {General Semantics},
	Volume = {22},
	Year = {1970}}

@book{GodfreySmith:2002,
	Author = {Godfrey-Smith, P.},
	Date-Added = {2015-09-16 06:42:50 +0000},
	Date-Modified = {2015-09-16 06:44:13 +0000},
	Publisher = {University of Chicago Press},
	Title = {Theory and Reality: An Introduction to the Philosophy of Science},
	Year = {2003}}

@article{FodorLepore:1991,
	Author = {Fodor, J. and Lepore, E.},
	Date-Added = {2015-09-16 06:38:19 +0000},
	Date-Modified = {2015-09-16 07:08:11 +0000},
	Journal = {Mind and Language},
	Number = {4},
	Pages = {328-343},
	Title = {Why Meaning (Probably) Isn't Conceptual Role},
	Volume = {6},
	Year = {1991}}

@book{Dennett:1987,
	Author = {Dennett, D.},
	Date-Added = {2015-09-16 06:34:58 +0000},
	Date-Modified = {2015-09-16 06:36:34 +0000},
	Publisher = {MIT Press},
	Title = {The Intentional Stance},
	Year = {1987}}

@article{Mitchell:2010,
	Author = {Mitchell, J. and Lapata, M.},
	Date-Added = {2015-09-16 06:33:08 +0000},
	Date-Modified = {2015-09-16 06:34:13 +0000},
	Journal = {Cognitive Science},
	Number = {8},
	Pages = {1388-1429},
	Title = {Composition in distributional models of semantics.},
	Volume = {34},
	Year = {2010}}

@article{Plaut:2014,
	Author = {Seidenberg, M. and Plaut, C.},
	Date-Added = {2015-01-28 20:40:56 +0000},
	Date-Modified = {2015-01-28 20:41:58 +0000},
	Journal = {Cognitive Science},
	Number = {1190-1228},
	Title = {Quasiregularity and its discontents: The legacy of the past tense debate.},
	Volume = {38},
	Year = {2014}}

@article{Rogers:2014,
	Author = {Rogers, T. and McClelland, J.},
	Date-Added = {2015-01-28 20:25:38 +0000},
	Date-Modified = {2015-01-28 20:26:43 +0000},
	Journal = {Cognitive Science},
	Number = {1024-1077},
	Title = {Parallel distributed processing at 25: Further explorations in the microstructure of cognition},
	Volume = {38},
	Year = {2014}}

@article{Prince:1997,
	Author = {Prince, A. and Smolensky, P.},
	Date-Added = {2015-01-28 20:20:00 +0000},
	Date-Modified = {2015-01-28 20:22:55 +0000},
	Journal = {Science},
	Number = {5306},
	Pages = {1604-1610},
	Title = {Optimality: From neural networks to universal grammar},
	Volume = {275},
	Year = {1997}}

@incollection{Smolensky:2006,
	Author = {Smolensky, P.},
	Booktitle = {The harmonic mind: From neural computaton to optimality-theoretic grammar},
	Chapter = {8},
	Date-Added = {2015-01-28 20:14:43 +0000},
	Date-Modified = {2015-01-28 20:15:50 +0000},
	Pages = {271-344},
	Publisher = {MIT Press},
	Title = {Tensor product representations: Formal foundations},
	Year = {2006}}

@incollection{Hale:2006,
	Author = {Hale, J. and Smolensky, P.},
	Booktitle = {The harmonic mind: From neural computaton to optimality-theoretic grammar},
	Chapter = {10},
	Date-Added = {2015-01-28 20:12:05 +0000},
	Date-Modified = {2015-01-28 20:14:17 +0000},
	Pages = {393-415},
	Publisher = {MIT Press},
	Title = {Harmonic grammars and harmonic parsers for formal languages},
	Year = {2006}}

@article{Smolensky:2014,
	Author = {Smolensky, P. and Goldrick, M. and Mathis, D.},
	Date-Added = {2015-01-28 20:06:47 +0000},
	Date-Modified = {2015-01-28 20:08:56 +0000},
	Journal = {Cognitive Science},
	Pages = {1102-1138},
	Title = {Optimization and quantization in gradient symbol systems: A framework for integrating the continuous and the discrete in cognition},
	Volume = {38},
	Year = {2014}}

@article{Block:1986,
	Author = {Block, N.},
	Date-Added = {2015-01-16 02:00:40 +0000},
	Date-Modified = {2015-01-16 02:02:16 +0000},
	Journal = {Midwest Studies in Philosophy},
	Number = {1},
	Pages = {615-678},
	Title = {Advertisement for a semantics for psychology},
	Volume = {10},
	Year = {1986}}

@book{CappelenLepore:2005,
	Author = {Cappelen, H. and Lepore, E.},
	Date-Added = {2015-01-16 01:56:59 +0000},
	Date-Modified = {2015-01-16 01:58:22 +0000},
	Publisher = {Wiley-Blackwell},
	Title = {Insensitive semantics: A defense of semantic minimalism and speech act pluralism},
	Year = {2005}}

@incollection{Grefenstette:2013,
	Author = {Grefenstette, E.},
	Booktitle = {Proceedings of the Second Joint Conference on Lexical and Computational Semantics},
	Date-Added = {2015-01-16 01:48:55 +0000},
	Date-Modified = {2015-01-16 01:53:44 +0000},
	Title = {Towards a formal distributional semantics: Simulating logical calculi with tensors},
	Year = {2013}}

@incollection{Clark:2015,
	Author = {Clark, S.},
	Booktitle = {Handbook of Contemporary Semantics},
	Date-Added = {2015-01-16 01:42:09 +0000},
	Date-Modified = {2015-01-16 04:27:19 +0000},
	Editor = {Lappin, S. and Fox. F.},
	Publisher = {Wiley-Blackwell},
	Title = {Vector space models of lexical meaning},
	Year = {2015}}

@inproceedings{Socher:2012,
	Author = {Socher, R. and Huval, B. and Manning, C. and Ng, A.},
	Booktitle = {Proceedings of the 2012 Conference on Empirical Methods in Natural Language Processing},
	Date-Added = {2015-01-16 01:40:24 +0000},
	Date-Modified = {2015-01-16 01:42:01 +0000},
	Title = {Semantic compositionality through recursive matrix-vector spaces},
	Year = {2012}}

@article{TurneyPantel:2010,
	Author = {Turney, P. and Pantel, P.},
	Date-Added = {2015-01-16 01:37:49 +0000},
	Date-Modified = {2015-01-16 01:39:05 +0000},
	Journal = {Journal of Artificial Intelligence Research},
	Pages = {141-188},
	Title = {From frequency to meaning: Vector space models of semantics},
	Volume = {37},
	Year = {2010}}

@incollection{Recanati:2012,
	Author = {Recanati, F.},
	Booktitle = {The Oxford handbook of compositionality},
	Date-Added = {2015-01-16 01:35:21 +0000},
	Date-Modified = {2015-01-16 01:36:44 +0000},
	Editor = {Werning, M. and Hinzen, W. and Machery, E.},
	Pages = {175-191},
	Publisher = {Oxford University Press},
	Title = {Compositionality, flexibility, and context dependence},
	Year = {2012}}

@incollection{Szabo:2012,
	Author = {Szabo, Z.},
	Booktitle = {The Oxford handbook of compositionality},
	Date-Added = {2015-01-16 01:32:45 +0000},
	Date-Modified = {2015-01-16 01:35:17 +0000},
	Editor = {Werning, M. and Hinzen, W. and Machery, E.},
	Pages = {64-80},
	Publisher = {Oxford University Press},
	Title = {The case for compositionality},
	Year = {2012}}

@article{LiangPotts:2015,
	Author = {Liang, P. and Potts, C.},
	Date-Added = {2015-01-16 01:31:11 +0000},
	Date-Modified = {2015-01-16 19:15:18 +0000},
	Journal = {Annual Review of Linguistics},
	Title = {Bringing machine learning and compositional semantics together},
	Year = {2015}}

@article{Rogers-etal:2004,
	Author = {Rogers, T. and Lambon Ralph, M. and Garrard, P. and Bozeat, S. and McClelland, J. and Hodges, J. and Patterson, K.},
	Date-Added = {2014-11-18 02:19:29 +0000},
	Date-Modified = {2014-11-18 02:23:23 +0000},
	Journal = {Psychological Review},
	Number = {1},
	Pages = {205-235},
	Title = {Structure and deterioration of semantic memory: a neuropsychological and computational investigation.},
	Volume = {111},
	Year = {2004}}

@book{Thagard:2012,
	Address = {Cambridge, MA},
	Author = {Thagard, P.},
	Date-Added = {2014-11-18 01:47:31 +0000},
	Date-Modified = {2014-11-18 01:48:23 +0000},
	Publisher = {MIT Press},
	Title = {The cognitive science of science: Explanation, discovery, and conceptual change.},
	Year = {2012}}

@article{ThagardStewart:2014,
	Author = {Thagard, P. and Stewart, T.},
	Date-Added = {2014-11-18 01:45:47 +0000},
	Date-Modified = {2014-11-18 01:47:10 +0000},
	Journal = {Consciousness and Cognition},
	Pages = {73-90},
	Title = {Two theories of consciousness: Semantic pointer competition vs. information integration.},
	Volume = {30},
	Year = {2014}}

@incollection{ThagardSchroder:2014,
	Address = {New York, NY},
	Author = {Thagard, P. and Schr{\"o}der, T.},
	Booktitle = {The pyschological construction of emotions},
	Date-Added = {2014-11-18 01:43:29 +0000},
	Date-Modified = {2014-11-18 01:45:36 +0000},
	Editor = {L.F. Barrett and J.A. Russell},
	Publisher = {Guilford},
	Title = {Emotions as semantic pointers: Constructive neural mechanisms},
	Year = {2014}}

@inproceedings{Crawford:2013,
	Author = {Crawford, E. and Gingerich, M. and Eliasmith, C.},
	Booktitle = {Proceedings of the 35th annual conference of the Cognitive Science Society},
	Date-Added = {2014-10-14 21:07:30 +0000},
	Date-Modified = {2014-10-14 21:08:50 +0000},
	Pages = {412-417},
	Publisher = {Cognitive Science Society},
	Title = {Biologically plausible, human-scale knowledge representation},
	Year = {2013}}

@inproceedings{StewartChoo:2014,
	Author = {Stewart, T. and Choo, F-X. and Eliasmith, C.},
	Booktitle = {Proceedings of the 36th annual conference of the Cognitive Science Society},
	Date-Added = {2014-10-14 21:05:11 +0000},
	Date-Modified = {2014-10-14 21:07:28 +0000},
	Pages = {1533-1538},
	Publisher = {Cognitive Science Society},
	Title = {Sentence processing in spiking neurons: a biologically plausible left-corner parser.},
	Year = {2014}}

@inproceedings{Blouw:2015,
	Author = {Blouw, P. and Eliasmith, C.},
	Booktitle = {Proceedings of the 37th annual conference of the Cognitive Science Society},
	Date-Added = {2014-10-07 07:11:56 +0000},
	Date-Modified = {2014-10-07 07:11:56 +0000},
	Title = {Constraint-based parsing with Distributed representations},
	Year = {in press}}

@book{Carpenter:1997,
	Address = {Cambridge, MA},
	Author = {Carpenter, B.},
	Date-Added = {2014-10-07 06:47:58 +0000},
	Date-Modified = {2014-10-07 06:48:31 +0000},
	Publisher = {MIT Press},
	Title = {Type-Logical Semantics},
	Year = {1997}}

@inproceedings{SocherChen:2013,
	Author = {Socher, R. and Chen, D. and Manning, C. and Ng, A.},
	Booktitle = {Advances in Neural Information Processing Systems},
	Date-Added = {2014-10-07 05:47:50 +0000},
	Date-Modified = {2014-10-07 05:49:22 +0000},
	Pages = {1-10},
	Title = {Reasoning with neural tensor networks for knowledge base completion},
	Year = {2013}}

@inproceedings{Socher:2011,
	Author = {Socher, R. and Bauer, J. and Manning, C. and Ng, A.},
	Booktitle = {Proceedings of the ACL Conference},
	Date-Added = {2014-10-07 05:35:47 +0000},
	Date-Modified = {2014-10-07 05:37:19 +0000},
	Pages = {455-465},
	Title = {Parsing with compositional vector grammars},
	Year = {2013}}

@inproceedings{CollobertWeston:2008,
	Author = {Collobert, R. and Weston, J.},
	Booktitle = {Proceedings of 25th International Conference on Machine Learning},
	Date-Added = {2014-10-07 05:32:12 +0000},
	Date-Modified = {2014-10-07 05:43:57 +0000},
	Pages = {160-167},
	Title = {A Unified Architecture for Natural Language Processing: Deep Neural Networks with Multitask Learning},
	Year = {2008}}

@article{LandauerDumais:1997,
	Author = {Landauer, T. and Dumais, S.},
	Date-Added = {2014-10-07 00:31:12 +0000},
	Date-Modified = {2014-10-07 00:31:56 +0000},
	Journal = {Psychological Review},
	Number = {2},
	Pages = {211-240},
	Title = {A solution to Plato's problem: The latent semantic analysis theory of the acquisition, induction and representation of knowledge},
	Volume = {104},
	Year = {1997}}

@article{Ferrucci:2010,
	Author = {Ferrucci, D. and Brown, E. and Chu-Carroll, J. and Fan, J. and Gondek, D. and Kalyanpur, A. and Lally, A. and Murdock, J. and Nyberg, E. and Prager, J. and Schlaefer, N. and Welty, C.},
	Date-Added = {2014-10-06 23:53:06 +0000},
	Date-Modified = {2014-10-07 00:18:01 +0000},
	Journal = {Artificial Intelligence Magazine},
	Pages = {59-79},
	Title = {Building Watson: An Overview of the DeepQA Project},
	Year = {2010}}

@book{SmolenskyLegendre:2006a,
	Address = {Cambridge, MA},
	Author = {Smolensky, P. and Legendre, G.},
	Date-Added = {2014-10-01 02:58:39 +0000},
	Date-Modified = {2014-10-01 03:01:05 +0000},
	Publisher = {MIT Press},
	Title = {The harmonic mind: From neural computaton to optimality-theoretic grammar},
	Volume = {1},
	Year = {2006}}

@book{Manning:2008,
	Address = {Cambridge, UK},
	Author = {Manning, C. and Raghavan, P. and Schutze, H.},
	Date-Added = {2014-10-01 02:54:18 +0000},
	Date-Modified = {2014-10-01 02:57:16 +0000},
	Publisher = {Cambridge University Press},
	Title = {Introduction to information retrieval},
	Year = {2008}}

@inproceedings{Socher:2013,
	Author = {Socher, R. and Perelygin, A. and Wu, J. and Chuang, J. and Manning, C. and Ng, A. and Potts, C.},
	Booktitle = {Proceedings of the Conference on Empirical Methods in Natural Language Processing},
	Title = {Recursive deep models for semantic compositionality over a sentiment treebank},
	Year = {2013}}

@article{Iyyer:2014,
	Author = {Iyyer, M. and Boyd-Graber, J. and Claudino, L. and Socher, R. and Daum{\'e}, H.},
	Booktitle = {Proceedings of the Conference on Empirical Methods in Natural Language Processing},
	Location = {Doha, Qatar},
	Title = {A neural network for factoid question answering over paragraphs},
	Year = {2014}}

@book{ManningSchuetze:1999,
	Address = {Cambridge, MA},
	Author = {Manning, C. and Schutze, H.},
	Date-Added = {2014-10-01 02:31:43 +0000},
	Date-Modified = {2014-10-01 02:32:51 +0000},
	Publisher = {MIT Press},
	Title = {Foundations of statistical natural langauge processing},
	Year = {1999}}

@conference{HunsbergerBlouw:2013,
	Author = {Hunsberger, E., Blouw, P., Bergstra, J., and Eliasmith, C.},
	Booktitle = {Proceedings of the 35th annual conference of the Cognitive Science Society},
	Date-Added = {2014-09-17 02:51:31 +0000},
	Date-Modified = {2014-09-17 02:55:04 +0000},
	Pages = {633-638},
	Publisher = {Cognitive Science Society},
	Title = {A neural model of human image categorization},
	Year = {2013}}

@article{SchroderStewartThagard:2014,
	Author = {Schr{\"o}der, T. and Stewart, T., and Thagard, P.},
	Date-Added = {2014-09-16 18:08:33 +0000},
	Date-Modified = {2014-11-18 03:02:25 +0000},
	Journal = {Cognitive Science},
	Number = {5},
	Pages = {851-880},
	Title = {Emotions, intentions, and actions: A neural theory based on semantic pointers},
	Volume = {38},
	Year = {2014}}

@article{ThagardStewart:2011,
	Author = {Thagard, P. and Stewart, T.},
	Date-Added = {2014-09-16 18:03:24 +0000},
	Date-Modified = {2014-09-16 18:05:29 +0000},
	Journal = {Cognitive Science},
	Number = {1},
	Pages = {1-33},
	Title = {The AHA! experience: Creativity through emergent binding in neural networks},
	Volume = {35},
	Year = {2011}}

@inproceedings{StewartChooEliasmith:2010,
	Author = {Stewart, T. and Choo, F-X. and Eliasmith, C.},
	Booktitle = {Proceedings of the 32nd Annual Meeting of the Cognitive Science Society.},
	Date-Added = {2014-02-08 22:20:17 +0000},
	Date-Modified = {2014-02-09 22:08:10 +0000},
	Title = {Symbolic reasoning in spiking neurons: A model of the cortex/basal ganglia/thalamus loop},
	Year = {2010}}

@article{StewartTangEliasmith:2011,
	Author = {Stewart, T. and Tang, Y. and Eliasmith, C.},
	Date-Added = {2014-02-08 22:19:04 +0000},
	Date-Modified = {2014-02-09 22:08:20 +0000},
	Journal = {Cognitive Systems Research},
	Number = {2},
	Pages = {84-92},
	Title = {A biologically realistic cleanup memory: Autoassociation in spiking neurons},
	Volume = {12},
	Year = {2011}}

@article{Tenenbaum-etal:2011,
	Author = {Tenenbaum, J. and Kemp, C. and Griffiths, T. and Goodman, N.},
	Date-Added = {2014-02-08 22:18:05 +0000},
	Date-Modified = {2014-02-09 22:14:53 +0000},
	Journal = {Science},
	Pages = {1279-1285},
	Title = {How to grow a mind: Statistics, structure, and abstraction},
	Volume = {331},
	Year = {2011}}

@article{Weiskopf:2007,
	Author = {Weiskopf, D.},
	Date-Added = {2014-02-08 22:17:22 +0000},
	Date-Modified = {2014-02-08 22:17:22 +0000},
	Journal = {Journal of Consciousness Studies},
	Pages = {156--183},
	Title = {Concept empiricism and the vehicles of thought},
	Volume = {14},
	Year = {2007}}

@article{Weiskopf:2009,
	Author = {Weiskopf, D.},
	Date-Added = {2014-02-08 22:16:34 +0000},
	Date-Modified = {2014-02-08 22:16:34 +0000},
	Journal = {Synthese},
	Pages = {145-173},
	Title = {The plurality of concepts},
	Volume = {169},
	Year = {2009}}

@article{StewartBekolayEliasmith:2011,
	Author = {Stewart, T. and Bekolay, T. and Eliasmith, C.},
	Date-Added = {2014-02-08 22:15:27 +0000},
	Date-Modified = {2014-02-09 22:08:29 +0000},
	Journal = {Connection Science},
	Number = {3},
	Pages = {145-153},
	Title = {Neural representations of compositional structures: Representing and manipulating vector spaces with spiking neurons},
	Volume = {22},
	Year = {2011}}

@inproceedings{StewartEliasmith:2011,
	Author = {Stewart, T. and Eliasmith, C.},
	Booktitle = {Proceedings of the 33rd annual conference of the Cognitive Science Society},
	Date-Added = {2014-02-08 22:14:04 +0000},
	Date-Modified = {2014-02-09 22:15:08 +0000},
	Editor = {L. Carlson and C. Holscher and T. Shipley},
	Title = {Neural cognitive modeling: A biologically constrained spiking neuron model of the Tower of Hanoi task},
	Year = {2011}}

@article{Solomon:2004,
	Author = {Solomon, K. and Barsalou, L.},
	Date-Added = {2014-02-08 22:12:32 +0000},
	Date-Modified = {2014-02-09 07:54:39 +0000},
	Journal = {Memory and Cognition},
	Pages = {244--259},
	Title = {Perceptual simulation in property verification},
	Volume = {32},
	Year = {2004}}

@article{Smolensky:1990,
	Author = {Smolensky, P.},
	Date-Added = {2014-02-08 22:11:44 +0000},
	Date-Modified = {2014-02-08 22:11:44 +0000},
	Journal = {Artificial Intelligence},
	Pages = {159-217},
	Title = {Tensor product variable binding and the representation of symbolic structures in connectionist systems},
	Volume = {46},
	Year = {1990}}

@article{Smith:1998,
	Author = {Smith, E. and Patalano, P. and Jonides, J.},
	Date-Added = {2014-02-08 22:10:38 +0000},
	Date-Modified = {2014-09-18 22:34:10 +0000},
	Journal = {Cognition},
	Pages = {167-196},
	Title = {Alternative strategies of categorization},
	Year = {1998}}

@book{SmithMedin:1981,
	Address = {Cambridge, MA},
	Author = {Smith, E. and Medin, D.},
	Date-Added = {2014-02-08 22:09:46 +0000},
	Date-Modified = {2014-02-09 07:54:47 +0000},
	Publisher = {Harvard University Press},
	Title = {Concepts and categories},
	Year = {1981}}

@article{Sloman:1996,
	Author = {Sloman, S.},
	Date-Added = {2014-02-08 22:08:45 +0000},
	Date-Modified = {2014-02-08 22:08:58 +0000},
	Journal = {Psychological Bulletin},
	Pages = {3-22},
	Title = {The empirical case for two systems of reasoning},
	Volume = {119},
	Year = {1996}}

@article{Singh:2006,
	Author = {Singh, R. and Eliasmith, C.},
	Date-Added = {2014-02-08 22:07:31 +0000},
	Date-Modified = {2014-02-09 07:54:58 +0000},
	Journal = {Journal of Neuroscience},
	Pages = {3667--3678},
	Title = {Higher-dimensional neurons explain the tuning and dynamics of working memory cells},
	Volume = {26},
	Year = {2006}}

@article{Serre:2007,
	Author = {Serre, T. and Oliva, A. and Poggio, T.},
	Date-Added = {2014-02-08 22:06:28 +0000},
	Date-Modified = {2014-02-09 22:15:39 +0000},
	Journal = {Proceedings of the National Academy of Science},
	Number = {15},
	Pages = {6424-6429},
	Title = {A feedforward architecture for rapid categorization},
	Volume = {104},
	Year = {2007}}

@article{ShalliceCooper:2013,
	Author = {Shallice, T. and Cooper, R.},
	Date-Added = {2014-02-08 07:43:40 +0000},
	Date-Modified = {2014-02-09 07:55:04 +0000},
	Journal = {Frontiers in Human Neuroscience},
	Number = {175},
	Pages = {1-10},
	Title = {Is there a semantic system for abstract words?},
	Volume = {7},
	Year = {2013}}

@article{Schroder:2013,
	Author = {Schr{\"o}der, T. and Thagard, P.},
	Date-Added = {2014-02-08 07:37:04 +0000},
	Date-Modified = {2014-02-09 07:55:20 +0000},
	Journal = {Psychological Review},
	Number = {1},
	Pages = {255-280},
	Title = {The affective meanings of automatic social behaviors: Three mechanisms that explain priming.},
	Volume = {120},
	Year = {2013}}

@book{RumelhartMcClelland:1986,
	Address = {Cambridge, MA},
	Author = {Rumelhart, D. and McClelland, J. and the PDP Research Group},
	Date-Added = {2014-02-08 07:35:51 +0000},
	Date-Modified = {2014-02-09 22:15:49 +0000},
	Publisher = {MIT Press},
	Title = {Parallel Distributed Processing: Explorations in the Microstructure of Cognition.},
	Volume = {Volume 2: Psychological and Biological Models.},
	Year = {1986}}

@article{Roy:2002,
	Author = {Roy, D. and Pentland, A.},
	Date-Added = {2014-02-08 07:24:59 +0000},
	Date-Modified = {2014-02-09 07:55:33 +0000},
	Journal = {Cognitive Science},
	Number = {1},
	Pages = {113-146},
	Title = {Learning words from sights and sounds: A computational model},
	Volume = {26},
	Year = {2002}}

@book{RogersMcClelland:2004,
	Address = {Cambridge, MA},
	Author = {Rogers, T. and McClelland, J.},
	Date-Added = {2014-02-08 07:23:45 +0000},
	Date-Modified = {2014-02-09 07:55:39 +0000},
	Publisher = {MIT Press},
	Title = {Semantic cognition: A parallel distributed processing approach},
	Year = {2004}}

@incollection{Rips:1989,
	Address = {New York, NY},
	Author = {Rips, L.},
	Booktitle = {Similarity and analogical reasoning},
	Date-Added = {2014-02-08 07:22:24 +0000},
	Date-Modified = {2014-02-09 07:55:48 +0000},
	Editor = {S. Vosniadou and A. Ortony},
	Pages = {21-59},
	Publisher = {Cambridge University Press},
	Title = {Similarity, typicality, and categorization},
	Year = {1989}}

@article{Regehr:1993,
	Author = {Regehr, G. and Brooks, L.},
	Date-Added = {2014-02-08 07:21:07 +0000},
	Date-Modified = {2014-02-09 07:56:05 +0000},
	Journal = {Journal of Experimental Psychology - General},
	Number = {1},
	Pages = {92-114},
	Title = {Perceptual manifestations of an analytic structure - the priority of holistic individuation.},
	Volume = {122},
	Year = {1993},
	Bdsk-File-1 = {YnBsaXN0MDDUAQIDBAUGJCVYJHZlcnNpb25YJG9iamVjdHNZJGFyY2hpdmVyVCR0b3ASAAGGoKgHCBMUFRYaIVUkbnVsbNMJCgsMDxJXTlMua2V5c1pOUy5vYmplY3RzViRjbGFzc6INDoACgAOiEBGABIAFgAdccmVsYXRpdmVQYXRoWWFsaWFzRGF0YV8QNy4uLy4uLy4uL0Rlc2t0b3AvQ29nc2NpIFImUi9SZWdlaHJfQnJvb2tzX0V4ZW1wbGFycy5wZGbSFwsYGVdOUy5kYXRhTxEBugAAAAABugACAAAEQ29yZQAAAAAAAAAAAAAAAAAAAAAAAAAAAAAAzmUNukgrAAAALfk+G1JlZ2Vocl9Ccm9va3NfRXhlbXBsYXJzLnBkZgAAAAAAAAAAAAAAAAAAAAAAAAAAAAAAAAAAAAAAAAAAAAAAAAAkXebOw8ZxUERGIENBUk8AAwADAAAJIAAAAAAAAAAAAAAAAAAAAApDb2dzY2kgUiZSABAACAAAzmVF+gAAABEACAAAzsQMwQAAAAEAEAAt+T4ABPn9AAT5jwACEncAAgBIQ29yZTpVc2VyczoAcGV0ZXJibG91dzoARGVza3RvcDoAQ29nc2NpIFImUjoAUmVnZWhyX0Jyb29rc19FeGVtcGxhcnMucGRmAA4AOAAbAFIAZQBnAGUAaAByAF8AQgByAG8AbwBrAHMAXwBFAHgAZQBtAHAAbABhAHIAcwAuAHAAZABmAA8ACgAEAEMAbwByAGUAEgA/VXNlcnMvcGV0ZXJibG91dy9EZXNrdG9wL0NvZ3NjaSBSJlIvUmVnZWhyX0Jyb29rc19FeGVtcGxhcnMucGRmAAATAAEvAAAVAAIAEf//AACABtIbHB0eWiRjbGFzc25hbWVYJGNsYXNzZXNdTlNNdXRhYmxlRGF0YaMdHyBWTlNEYXRhWE5TT2JqZWN00hscIiNcTlNEaWN0aW9uYXJ5oiIgXxAPTlNLZXllZEFyY2hpdmVy0SYnVHJvb3SAAQAIABEAGgAjAC0AMgA3AEAARgBNAFUAYABnAGoAbABuAHEAcwB1AHcAhACOAMgAzQDVApMClQKaAqUCrgK8AsACxwLQAtUC4gLlAvcC+gL/AAAAAAAAAgEAAAAAAAAAKAAAAAAAAAAAAAAAAAAAAwE=}}

@article{Rasmussen:2011,
	Author = {Rasmussen, D. and Eliasmith, C},
	Date-Added = {2014-02-08 07:14:07 +0000},
	Date-Modified = {2014-02-09 07:56:11 +0000},
	Journal = {Topics in Cognitive Science},
	Number = {1},
	Pages = {140-153},
	Title = {A neural model of rule generation in inductive reasoning},
	Volume = {3},
	Year = {2011},
	Bdsk-File-1 = {YnBsaXN0MDDUAQIDBAUGJCVYJHZlcnNpb25YJG9iamVjdHNZJGFyY2hpdmVyVCR0b3ASAAGGoKgHCBMUFRYaIVUkbnVsbNMJCgsMDxJXTlMua2V5c1pOUy5vYmplY3RzViRjbGFzc6INDoACgAOiEBGABIAFgAdccmVsYXRpdmVQYXRoWWFsaWFzRGF0YV8QQS4uLy4uLy4uL0Rlc2t0b3AvQXJ0aWNsZXMvQ05SRyBQYXBlcnMvUmFzbXVzc2VuX1JhdmVuc19UT1BpY3MucGRm0hcLGBlXTlMuZGF0YU8RAdYAAAAAAdYAAgAABENvcmUAAAAAAAAAAAAAAAAAAAAAAAAAAAAAAM5lDbpIKwAAAAqsXBtSYXNtdXNzZW5fUmF2ZW5zX1RPUGljcy5wZGYAAAAAAAAAAAAAAAAAAAAAAAAAAAAAAAAAAAAAAAAAAAAAAAAACqx1zTCnXgAAAAAAAAAAAAMABAAACSAAAAAAAAAAAAAAAAAAAAALQ05SRyBQYXBlcnMAABAACAAAzmVF+gAAABEACAAAzTDtrgAAAAEAFAAKrFwACqwfAAT5/QAE+Y8AAhJ3AAIAU0NvcmU6VXNlcnM6AHBldGVyYmxvdXc6AERlc2t0b3A6AEFydGljbGVzOgBDTlJHIFBhcGVyczoAUmFzbXVzc2VuX1JhdmVuc19UT1BpY3MucGRmAAAOADgAGwBSAGEAcwBtAHUAcwBzAGUAbgBfAFIAYQB2AGUAbgBzAF8AVABPAFAAaQBjAHMALgBwAGQAZgAPAAoABABDAG8AcgBlABIASVVzZXJzL3BldGVyYmxvdXcvRGVza3RvcC9BcnRpY2xlcy9DTlJHIFBhcGVycy9SYXNtdXNzZW5fUmF2ZW5zX1RPUGljcy5wZGYAABMAAS8AABUAAgAR//8AAIAG0hscHR5aJGNsYXNzbmFtZVgkY2xhc3Nlc11OU011dGFibGVEYXRhox0fIFZOU0RhdGFYTlNPYmplY3TSGxwiI1xOU0RpY3Rpb25hcnmiIiBfEA9OU0tleWVkQXJjaGl2ZXLRJidUcm9vdIABAAgAEQAaACMALQAyADcAQABGAE0AVQBgAGcAagBsAG4AcQBzAHUAdwCEAI4A0gDXAN8CuQK7AsACywLUAuIC5gLtAvYC+wMIAwsDHQMgAyUAAAAAAAACAQAAAAAAAAAoAAAAAAAAAAAAAAAAAAADJw==}}

@book{Prinz:2002,
	Address = {Cambridge, MA},
	Author = {Prinz, J.},
	Date-Added = {2014-02-08 07:12:39 +0000},
	Date-Modified = {2014-02-08 07:12:39 +0000},
	Publisher = {MIT Press},
	Title = {Furnishing the mind: Concepts and their perceptual bases},
	Year = {2002}}

@article{Posner:1968,
	Author = {Posner, M. and Keele, S.},
	Date-Added = {2014-02-08 07:10:45 +0000},
	Date-Modified = {2014-02-09 07:56:22 +0000},
	Journal = {Journal of Experimental Psychology},
	Pages = {353-363},
	Title = {On the genesis of abstract ideas},
	Volume = {77},
	Year = {1968},
	Bdsk-File-1 = {YnBsaXN0MDDUAQIDBAUGJCVYJHZlcnNpb25YJG9iamVjdHNZJGFyY2hpdmVyVCR0b3ASAAGGoKgHCBMUFRYaIVUkbnVsbNMJCgsMDxJXTlMua2V5c1pOUy5vYmplY3RzViRjbGFzc6INDoACgAOiEBGABIAFgAdccmVsYXRpdmVQYXRoWWFsaWFzRGF0YV8QNy4uLy4uLy4uL0Rlc2t0b3AvQ29nc2NpIFImUi9Qb3NuZXJfS2VlbGVfUHJvdG90eXBlcy5wZGbSFwsYGVdOUy5kYXRhTxEBugAAAAABugACAAAEQ29yZQAAAAAAAAAAAAAAAAAAAAAAAAAAAAAAzmUNukgrAAAALfk+G1Bvc25lcl9LZWVsZV9Qcm90b3R5cGVzLnBkZgAAAAAAAAAAAAAAAAAAAAAAAAAAAAAAAAAAAAAAAAAAAAAAAAAkXXfOw8YqUERGIENBUk8AAwADAAAJIAAAAAAAAAAAAAAAAAAAAApDb2dzY2kgUiZSABAACAAAzmVF+gAAABEACAAAzsQMegAAAAEAEAAt+T4ABPn9AAT5jwACEncAAgBIQ29yZTpVc2VyczoAcGV0ZXJibG91dzoARGVza3RvcDoAQ29nc2NpIFImUjoAUG9zbmVyX0tlZWxlX1Byb3RvdHlwZXMucGRmAA4AOAAbAFAAbwBzAG4AZQByAF8ASwBlAGUAbABlAF8AUAByAG8AdABvAHQAeQBwAGUAcwAuAHAAZABmAA8ACgAEAEMAbwByAGUAEgA/VXNlcnMvcGV0ZXJibG91dy9EZXNrdG9wL0NvZ3NjaSBSJlIvUG9zbmVyX0tlZWxlX1Byb3RvdHlwZXMucGRmAAATAAEvAAAVAAIAEf//AACABtIbHB0eWiRjbGFzc25hbWVYJGNsYXNzZXNdTlNNdXRhYmxlRGF0YaMdHyBWTlNEYXRhWE5TT2JqZWN00hscIiNcTlNEaWN0aW9uYXJ5oiIgXxAPTlNLZXllZEFyY2hpdmVy0SYnVHJvb3SAAQAIABEAGgAjAC0AMgA3AEAARgBNAFUAYABnAGoAbABuAHEAcwB1AHcAhACOAMgAzQDVApMClQKaAqUCrgK8AsACxwLQAtUC4gLlAvcC+gL/AAAAAAAAAgEAAAAAAAAAKAAAAAAAAAAAAAAAAAAAAwE=}}

@book{Plate:2003,
	Address = {Stanford, CA},
	Author = {Plate, T.},
	Date-Added = {2014-02-08 07:09:32 +0000},
	Date-Modified = {2014-02-08 07:09:32 +0000},
	Publisher = {CSLI Publications},
	Title = {Holographic reduced representations},
	Year = {2003}}

@incollection{Peacocke:1992,
	Address = {Cambridge, MA},
	Author = {Peacocke, C.},
	Booktitle = {Concepts: Core readings},
	Date-Added = {2014-02-08 07:08:34 +0000},
	Date-Modified = {2014-02-09 07:56:29 +0000},
	Editor = {E. Margolis and S. Laurence},
	Pages = {335-338},
	Publisher = {MIT Press},
	Title = {Pr{\'e}cis of A Study of Concepts},
	Year = {1992}}

@article{Oreilly:2010,
	Author = {O'Reilly, R. and Herd, S. and Pauli, W.},
	Date-Added = {2014-02-08 07:06:18 +0000},
	Date-Modified = {2014-02-09 22:16:11 +0000},
	Journal = {Current Opinion in Neurobiology},
	Pages = {257-261},
	Title = {Computational models of cognitive control},
	Volume = {20},
	Year = {2010},
	Bdsk-File-1 = {YnBsaXN0MDDUAQIDBAUGJCVYJHZlcnNpb25YJG9iamVjdHNZJGFyY2hpdmVyVCR0b3ASAAGGoKgHCBMUFRYaIVUkbnVsbNMJCgsMDxJXTlMua2V5c1pOUy5vYmplY3RzViRjbGFzc6INDoACgAOiEBGABIAFgAdccmVsYXRpdmVQYXRoWWFsaWFzRGF0YV8QQy4uLy4uLy4uL0Rlc2t0b3AvQXJ0aWNsZXMvQ29uY2VwdHMvTydSZWlsbHlfQWN0aW9uX1NlbGVjdGlvbl9CRy5wZGbSFwsYGVdOUy5kYXRhTxEB3gAAAAAB3gACAAAEQ29yZQAAAAAAAAAAAAAAAAAAAAAAAAAAAAAAzmUNukgrAAAACqyUH08nUmVpbGx5X0FjdGlvbl9TZWxlYyNBQUQyMy5wZGYAAAAAAAAAAAAAAAAAAAAAAAAAAAAAAAAAAAAAAAAAAAAKrSPOAOg4UERGIENBUk8AAwAEAAAJIAAAAAAAAAAAAAAAAAAAAAhDb25jZXB0cwAQAAgAAM5lRfoAAAARAAgAAM4BIHgAAAABABQACqyUAAqsHwAE+f0ABPmPAAISdwACAFRDb3JlOlVzZXJzOgBwZXRlcmJsb3V3OgBEZXNrdG9wOgBBcnRpY2xlczoAQ29uY2VwdHM6AE8nUmVpbGx5X0FjdGlvbl9TZWxlYyNBQUQyMy5wZGYADgBCACAATwAnAFIAZQBpAGwAbAB5AF8AQQBjAHQAaQBvAG4AXwBTAGUAbABlAGMAdABpAG8AbgBfAEIARwAuAHAAZABmAA8ACgAEAEMAbwByAGUAEgBLVXNlcnMvcGV0ZXJibG91dy9EZXNrdG9wL0FydGljbGVzL0NvbmNlcHRzL08nUmVpbGx5X0FjdGlvbl9TZWxlY3Rpb25fQkcucGRmAAATAAEvAAAVAAIAEf//AACABtIbHB0eWiRjbGFzc25hbWVYJGNsYXNzZXNdTlNNdXRhYmxlRGF0YaMdHyBWTlNEYXRhWE5TT2JqZWN00hscIiNcTlNEaWN0aW9uYXJ5oiIgXxAPTlNLZXllZEFyY2hpdmVy0SYnVHJvb3SAAQAIABEAGgAjAC0AMgA3AEAARgBNAFUAYABnAGoAbABuAHEAcwB1AHcAhACOANQA2QDhAsMCxQLKAtUC3gLsAvAC9wMAAwUDEgMVAycDKgMvAAAAAAAAAgEAAAAAAAAAKAAAAAAAAAAAAAAAAAAAAzE=}}

@book{Murphy:2002,
	Address = {Cambridge, MA},
	Author = {Murphy, G.},
	Date-Added = {2014-02-08 07:04:46 +0000},
	Date-Modified = {2014-02-09 07:11:06 +0000},
	Publisher = {MIT Press},
	Title = {The big book of concepts},
	Year = {2002}}

@article{Machery:2010,
	Author = {Machery, E.},
	Date-Added = {2014-02-08 06:51:58 +0000},
	Date-Modified = {2014-02-08 06:51:58 +0000},
	Journal = {Behavioral and Brain Sciences},
	Pages = {195-244},
	Title = {Pr{\'e}cis of Doing Without Concepts},
	Volume = {33},
	Year = {2010}}

@book{Machery:2009,
	Address = {New York, NY},
	Author = {Machery, E.},
	Date-Added = {2014-02-08 06:51:07 +0000},
	Date-Modified = {2014-02-09 07:13:49 +0000},
	Publisher = {Oxford University Press},
	Title = {Doing without concepts},
	Year = {2009}}

@article{Machery:2007,
	Author = {Machery, E.},
	Date-Added = {2014-02-08 06:49:40 +0000},
	Date-Modified = {2014-02-09 07:57:23 +0000},
	Journal = {Cognition},
	Pages = {19-46},
	Title = {Concept empricism: A methodological critique},
	Volume = {104},
	Year = {2007},
	Bdsk-File-1 = {YnBsaXN0MDDUAQIDBAUGJCVYJHZlcnNpb25YJG9iamVjdHNZJGFyY2hpdmVyVCR0b3ASAAGGoKgHCBMUFRYaIVUkbnVsbNMJCgsMDxJXTlMua2V5c1pOUy5vYmplY3RzViRjbGFzc6INDoACgAOiEBGABIAFgAdccmVsYXRpdmVQYXRoWWFsaWFzRGF0YV8QRC4uLy4uLy4uL0Rlc2t0b3AvQXJ0aWNsZXMvQ29uY2VwdHMvTWFjaGVyeV9OZW8tRW1waXJpY2lzbV9Eb2dtYXMucGRm0hcLGBlXTlMuZGF0YU8RAeAAAAAAAeAAAgAABENvcmUAAAAAAAAAAAAAAAAAAAAAAAAAAAAAAM5lDbpIKwAAAAqslB9NYWNoZXJ5X05lby1FbXBpcmljaXMjQUFDQUMucGRmAAAAAAAAAAAAAAAAAAAAAAAAAAAAAAAAAAAAAAAAAAAACqysypurwAAAAAAAAAAAAAMABAAACSAAAAAAAAAAAAAAAAAAAAAIQ29uY2VwdHMAEAAIAADOZUX6AAAAEQAIAADKm+QAAAAAAQAUAAqslAAKrB8ABPn9AAT5jwACEncAAgBUQ29yZTpVc2VyczoAcGV0ZXJibG91dzoARGVza3RvcDoAQXJ0aWNsZXM6AENvbmNlcHRzOgBNYWNoZXJ5X05lby1FbXBpcmljaXMjQUFDQUMucGRmAA4ARAAhAE0AYQBjAGgAZQByAHkAXwBOAGUAbwAtAEUAbQBwAGkAcgBpAGMAaQBzAG0AXwBEAG8AZwBtAGEAcwAuAHAAZABmAA8ACgAEAEMAbwByAGUAEgBMVXNlcnMvcGV0ZXJibG91dy9EZXNrdG9wL0FydGljbGVzL0NvbmNlcHRzL01hY2hlcnlfTmVvLUVtcGlyaWNpc21fRG9nbWFzLnBkZgATAAEvAAAVAAIAEf//AACABtIbHB0eWiRjbGFzc25hbWVYJGNsYXNzZXNdTlNNdXRhYmxlRGF0YaMdHyBWTlNEYXRhWE5TT2JqZWN00hscIiNcTlNEaWN0aW9uYXJ5oiIgXxAPTlNLZXllZEFyY2hpdmVy0SYnVHJvb3SAAQAIABEAGgAjAC0AMgA3AEAARgBNAFUAYABnAGoAbABuAHEAcwB1AHcAhACOANUA2gDiAsYCyALNAtgC4QLvAvMC+gMDAwgDFQMYAyoDLQMyAAAAAAAAAgEAAAAAAAAAKAAAAAAAAAAAAAAAAAAAAzQ=}}

@article{Lund:1993,
	Author = {Lund, J. and Yoshioka, T., and Levitt, J. B.},
	Date-Added = {2014-02-08 06:46:08 +0000},
	Date-Modified = {2014-02-09 22:16:25 +0000},
	Journal = {Cerebral Cortex},
	Number = {2},
	Pages = {148-162},
	Title = {Comparison of intrinsic connectivity in different areas of macaque monkey cerebral cortex},
	Volume = {3},
	Year = {1993}}

@article{LinMurphy:1997,
	Author = {Lin, E. and Murphy, G.},
	Date-Added = {2014-02-08 06:44:57 +0000},
	Date-Modified = {2014-02-09 07:47:48 +0000},
	Journal = {Journal of Experimental Psychology},
	Number = {4},
	Pages = {1153-1169},
	Title = {Effects of background knowledge on object categorization and part detection},
	Volume = {23},
	Year = {1997},
	Bdsk-File-1 = {YnBsaXN0MDDUAQIDBAUGJCVYJHZlcnNpb25YJG9iamVjdHNZJGFyY2hpdmVyVCR0b3ASAAGGoKgHCBMUFRYaIVUkbnVsbNMJCgsMDxJXTlMua2V5c1pOUy5vYmplY3RzViRjbGFzc6INDoACgAOiEBGABIAFgAdccmVsYXRpdmVQYXRoWWFsaWFzRGF0YV8QNC4uLy4uLy4uL0Rlc2t0b3AvQ29nc2NpIFImUi9MaW5fTXVycGh5X0tub3dsZWRnZS5wZGbSFwsYGVdOUy5kYXRhTxEBrgAAAAABrgACAAAEQ29yZQAAAAAAAAAAAAAAAAAAAAAAAAAAAAAAzmUNukgrAAAALfk+GExpbl9NdXJwaHlfS25vd2xlZGdlLnBkZgAAAAAAAAAAAAAAAAAAAAAAAAAAAAAAAAAAAAAAAAAAAAAAAAAAAAAkXhHOw8alUERGIENBUk8AAwADAAAJIAAAAAAAAAAAAAAAAAAAAApDb2dzY2kgUiZSABAACAAAzmVF+gAAABEACAAAzsQM9QAAAAEAEAAt+T4ABPn9AAT5jwACEncAAgBFQ29yZTpVc2VyczoAcGV0ZXJibG91dzoARGVza3RvcDoAQ29nc2NpIFImUjoATGluX011cnBoeV9Lbm93bGVkZ2UucGRmAAAOADIAGABMAGkAbgBfAE0AdQByAHAAaAB5AF8ASwBuAG8AdwBsAGUAZABnAGUALgBwAGQAZgAPAAoABABDAG8AcgBlABIAPFVzZXJzL3BldGVyYmxvdXcvRGVza3RvcC9Db2dzY2kgUiZSL0xpbl9NdXJwaHlfS25vd2xlZGdlLnBkZgATAAEvAAAVAAIAEf//AACABtIbHB0eWiRjbGFzc25hbWVYJGNsYXNzZXNdTlNNdXRhYmxlRGF0YaMdHyBWTlNEYXRhWE5TT2JqZWN00hscIiNcTlNEaWN0aW9uYXJ5oiIgXxAPTlNLZXllZEFyY2hpdmVy0SYnVHJvb3SAAQAIABEAGgAjAC0AMgA3AEAARgBNAFUAYABnAGoAbABuAHEAcwB1AHcAhACOAMUAygDSAoQChgKLApYCnwKtArECuALBAsYC0wLWAugC6wLwAAAAAAAAAgEAAAAAAAAAKAAAAAAAAAAAAAAAAAAAAvI=}}

@incollection{MargolisLaurence:1999,
	Address = {Cambridge, MA},
	Author = {Laurence, S. and Margolis, E.},
	Booktitle = {Concepts: Core readings},
	Date-Added = {2014-02-08 06:42:30 +0000},
	Date-Modified = {2014-02-09 07:57:08 +0000},
	Editor = {E. Margolis and S. Laurence},
	Pages = {3-81},
	Publisher = {MIT Press},
	Title = {Concepts and cognitive science},
	Year = {1999}}

@article{Knapp:1984,
	Author = {Knapp, A. and Anderson, J},
	Date-Added = {2014-02-08 06:35:54 +0000},
	Date-Modified = {2014-02-09 07:57:38 +0000},
	Journal = {Journal of Experimental Psychology: Learning, Memory, and Cognition},
	Number = {4},
	Pages = {616-637},
	Title = {Theory of categorization based on distributed memory storage.},
	Volume = {10},
	Year = {1984}}

@book{Keil:1989,
	Address = {Cambridge, MA},
	Author = {Keil, F},
	Date-Added = {2014-02-08 06:34:17 +0000},
	Date-Modified = {2014-02-08 06:34:17 +0000},
	Publisher = {MIT Press.},
	Title = {Concepts, kinds, and cognitive development},
	Year = {1989}}

@inproceedings{Kanerva:2004,
	Address = {London},
	Author = {Kanerva, P.},
	Booktitle = {Proceedings of the International Conference on Artificial Neural Networks},
	Date-Added = {2014-02-08 06:32:43 +0000},
	Date-Modified = {2014-02-09 07:57:52 +0000},
	Editor = {M. Marinaro and P.G. Morasso},
	Pages = {226-229},
	Publisher = {Springer-Verlag},
	Title = {The spatter code for encoding concepts at many levels},
	Year = {1994}}

@article{JonesMewhort:2007,
	Author = {Jones, M. and Mewhort, D.},
	Date-Added = {2014-02-08 06:31:08 +0000},
	Date-Modified = {2014-02-09 07:58:02 +0000},
	Journal = {Psychological Review},
	Number = {1},
	Pages = {1-37},
	Title = {Representing word meaning and order information in a composite holographic lexicon},
	Volume = {114},
	Year = {2007}}

@book{Jackendoff:2002,
	Address = {New York, NY},
	Author = {Jackendoff, R.},
	Date-Added = {2014-02-08 06:29:08 +0000},
	Date-Modified = {2014-02-08 06:29:08 +0000},
	Publisher = {Oxford University Press},
	Title = {Foundations of language: Brain, meaning, grammar, evolution},
	Year = {2002}}

@article{Hinton:2006,
	Author = {Hinton, G. and Salakhutdinov, R.},
	Date-Added = {2014-02-08 06:27:49 +0000},
	Date-Modified = {2014-02-09 07:58:12 +0000},
	Journal = {Science},
	Number = {5786},
	Pages = {504-507},
	Title = {Reducing the dimensionality of data with neural networks.},
	Volume = {313},
	Year = {2006},
	Bdsk-File-1 = {YnBsaXN0MDDUAQIDBAUGJCVYJHZlcnNpb25YJG9iamVjdHNZJGFyY2hpdmVyVCR0b3ASAAGGoKgHCBMUFRYaIVUkbnVsbNMJCgsMDxJXTlMua2V5c1pOUy5vYmplY3RzViRjbGFzc6INDoACgAOiEBGABIAFgAdccmVsYXRpdmVQYXRoWWFsaWFzRGF0YV8QWy4uLy4uLy4uL0Rlc2t0b3AvQXJ0aWNsZXMvTWFjaGluZSBMZWFybmluZy9IaW50b25fU2FsYWtodXRkaW5vdl9EaW1lbnNpb25hbGl0eVJlZHVjdGlvbi5wZGbSFwsYGVdOUy5kYXRhTxECJgAAAAACJgACAAAEQ29yZQAAAAAAAAAAAAAAAAAAAAAAAAAAAAAAzmUNukgrAAAACq0SH0hpbnRvbl9TYWxha2h1dGRpbm92XyNBQUQxOC5wZGYAAAAAAAAAAAAAAAAAAAAAAAAAAAAAAAAAAAAAAAAAAAAKrRjLzjHWAAAAAAAAAAAAAwAEAAAJIAAAAAAAAAAAAAAAAAAAABBNYWNoaW5lIExlYXJuaW5nABAACAAAzmVF+gAAABEACAAAy85qFgAAAAEAFAAKrRIACqwfAAT5/QAE+Y8AAhJ3AAIAXENvcmU6VXNlcnM6AHBldGVyYmxvdXc6AERlc2t0b3A6AEFydGljbGVzOgBNYWNoaW5lIExlYXJuaW5nOgBIaW50b25fU2FsYWtodXRkaW5vdl8jQUFEMTgucGRmAA4AYgAwAEgAaQBuAHQAbwBuAF8AUwBhAGwAYQBrAGgAdQB0AGQAaQBuAG8AdgBfAEQAaQBtAGUAbgBzAGkAbwBuAGEAbABpAHQAeQBSAGUAZAB1AGMAdABpAG8AbgAuAHAAZABmAA8ACgAEAEMAbwByAGUAEgBjVXNlcnMvcGV0ZXJibG91dy9EZXNrdG9wL0FydGljbGVzL01hY2hpbmUgTGVhcm5pbmcvSGludG9uX1NhbGFraHV0ZGlub3ZfRGltZW5zaW9uYWxpdHlSZWR1Y3Rpb24ucGRmAAATAAEvAAAVAAIAEf//AACABtIbHB0eWiRjbGFzc25hbWVYJGNsYXNzZXNdTlNNdXRhYmxlRGF0YaMdHyBWTlNEYXRhWE5TT2JqZWN00hscIiNcTlNEaWN0aW9uYXJ5oiIgXxAPTlNLZXllZEFyY2hpdmVy0SYnVHJvb3SAAQAIABEAGgAjAC0AMgA3AEAARgBNAFUAYABnAGoAbABuAHEAcwB1AHcAhACOAOwA8QD5AyMDJQMqAzUDPgNMA1ADVwNgA2UDcgN1A4cDigOPAAAAAAAAAgEAAAAAAAAAKAAAAAAAAAAAAAAAAAAAA5E=}}

@article{Georgopoulos:1986,
	Author = {Georgopoulos, A. and Schwartz, A. and Kettner, R.},
	Date-Added = {2014-02-08 06:26:33 +0000},
	Date-Modified = {2014-02-09 22:16:46 +0000},
	Journal = {Science},
	Pages = {1416-1419},
	Title = {Neuronal population coding of movement direction},
	Volume = {243},
	Year = {1986}}

@incollection{Gaylor:1998,
	Address = {Sofia},
	Author = {Gayler, R.},
	Booktitle = {Advances in analogy research: Integration of theory and data from the cognitive, computational, and neural sciences},
	Date-Added = {2014-02-08 06:25:22 +0000},
	Date-Modified = {2014-02-09 07:58:30 +0000},
	Editor = {K. Holyoak, D. Gentner, and B. Kokinov},
	Publisher = {NBU Press},
	Title = {Multiplicative binding, representation operators and analogy},
	Year = {1998}}

@article{Frank:2006,
	Author = {Frank, M.},
	Date-Added = {2014-02-08 06:23:24 +0000},
	Date-Modified = {2014-02-09 07:58:35 +0000},
	Journal = {Neural Networks},
	Number = {8},
	Pages = {1120-1136},
	Title = {Hold your horses: A dynamic computational role for the subthalamic nucleus in decision making},
	Volume = {19},
	Year = {2006}}

@article{FodorLepore:1996,
	Author = {Fodor, J. and Lepore, E.},
	Date-Added = {2014-02-08 06:21:56 +0000},
	Date-Modified = {2014-02-09 07:58:39 +0000},
	Journal = {Cognition},
	Pages = {253-270},
	Title = {The red herring and the pet fish: Why concepts can't be prototypes},
	Volume = {58},
	Year = {1996},
	Bdsk-File-1 = {YnBsaXN0MDDUAQIDBAUGJCVYJHZlcnNpb25YJG9iamVjdHNZJGFyY2hpdmVyVCR0b3ASAAGGoKgHCBMUFRYaIVUkbnVsbNMJCgsMDxJXTlMua2V5c1pOUy5vYmplY3RzViRjbGFzc6INDoACgAOiEBGABIAFgAdccmVsYXRpdmVQYXRoWWFsaWFzRGF0YV8QRy4uLy4uLy4uL0Rlc2t0b3AvQXJ0aWNsZXMvQ29uY2VwdHMvRm9kb3JfQ29uY2VwdHNfQXJlbid0X1Byb3RvdHlwZXMucGRm0hcLGBlXTlMuZGF0YU8RAeoAAAAAAeoAAgAABENvcmUAAAAAAAAAAAAAAAAAAAAAAAAAAAAAAM5lDbpIKwAAAAqslB9Gb2Rvcl9Db25jZXB0c19BcmVuJ3QjQUFDQTEucGRmAAAAAAAAAAAAAAAAAAAAAAAAAAAAAAAAAAAAAAAAAAAACqyhyeXVzAAAAAAAAAAAAAMABAAACSAAAAAAAAAAAAAAAAAAAAAIQ29uY2VwdHMAEAAIAADOZUX6AAAAEQAIAADJ5g4MAAAAAQAUAAqslAAKrB8ABPn9AAT5jwACEncAAgBUQ29yZTpVc2VyczoAcGV0ZXJibG91dzoARGVza3RvcDoAQXJ0aWNsZXM6AENvbmNlcHRzOgBGb2Rvcl9Db25jZXB0c19BcmVuJ3QjQUFDQTEucGRmAA4ASgAkAEYAbwBkAG8AcgBfAEMAbwBuAGMAZQBwAHQAcwBfAEEAcgBlAG4AJwB0AF8AUAByAG8AdABvAHQAeQBwAGUAcwAuAHAAZABmAA8ACgAEAEMAbwByAGUAEgBPVXNlcnMvcGV0ZXJibG91dy9EZXNrdG9wL0FydGljbGVzL0NvbmNlcHRzL0ZvZG9yX0NvbmNlcHRzX0FyZW4ndF9Qcm90b3R5cGVzLnBkZgAAEwABLwAAFQACABH//wAAgAbSGxwdHlokY2xhc3NuYW1lWCRjbGFzc2VzXU5TTXV0YWJsZURhdGGjHR8gVk5TRGF0YVhOU09iamVjdNIbHCIjXE5TRGljdGlvbmFyeaIiIF8QD05TS2V5ZWRBcmNoaXZlctEmJ1Ryb290gAEACAARABoAIwAtADIANwBAAEYATQBVAGAAZwBqAGwAbgBxAHMAdQB3AIQAjgDYAN0A5QLTAtUC2gLlAu4C/AMAAwcDEAMVAyIDJQM3AzoDPwAAAAAAAAIBAAAAAAAAACgAAAAAAAAAAAAAAAAAAANB}}

@book{Fodor:1998,
	Address = {New York, NY},
	Author = {Fodor, J.},
	Date-Added = {2014-02-08 06:20:57 +0000},
	Date-Modified = {2014-02-09 07:12:42 +0000},
	Publisher = {Oxford University Press},
	Title = {Concepts: Where cognitive science went wrong},
	Year = {1998}}

@book{Fodor:1987,
	Address = {Cambridge, MA},
	Author = {Fodor, J},
	Date-Added = {2014-02-08 06:19:40 +0000},
	Date-Modified = {2014-02-08 06:19:40 +0000},
	Publisher = {MIT Press},
	Title = {Psychosemantics: The problem of meaning in the philosophy of mind},
	Year = {1987}}

@book{Fodor:1975,
	Address = {Cambridge, MA},
	Author = {Fodor, J},
	Date-Added = {2014-02-08 06:18:24 +0000},
	Date-Modified = {2014-02-08 06:18:24 +0000},
	Publisher = {Harvard University Press},
	Title = {The language of thought},
	Year = {1975}}

@article{Eliasmith:2012,
	Author = {Eliasmith, C. and Stewart, T. and Choo, X. and Bekolay, T. and DeWolf, T. and Tang, Y. and Rasmussen, D.},
	Date-Added = {2014-02-08 06:15:20 +0000},
	Date-Modified = {2014-02-09 22:17:13 +0000},
	Journal = {Science},
	Number = {6111},
	Pages = {1202- 1205},
	Title = {A large-scale model of the functioning brain},
	Volume = {338},
	Year = {2012},
	Bdsk-File-1 = {YnBsaXN0MDDUAQIDBAUGJCVYJHZlcnNpb25YJG9iamVjdHNZJGFyY2hpdmVyVCR0b3ASAAGGoKgHCBMUFRYaIVUkbnVsbNMJCgsMDxJXTlMua2V5c1pOUy5vYmplY3RzViRjbGFzc6INDoACgAOiEBGABIAFgAdccmVsYXRpdmVQYXRoWWFsaWFzRGF0YV8QQS4uLy4uLy4uL0Rlc2t0b3AvQXJ0aWNsZXMvQ05SRyBQYXBlcnMvRWxpYXNtaXRoX1NQQVVOX1NjaWVuY2UucGRm0hcLGBlXTlMuZGF0YU8RAdYAAAAAAdYAAgAABENvcmUAAAAAAAAAAAAAAAAAAAAAAAAAAAAAAM5lDbpIKwAAAAqsXBtFbGlhc21pdGhfU1BBVU5fU2NpZW5jZS5wZGYAAAAAAAAAAAAAAAAAAAAAAAAAAAAAAAAAAAAAAAAAAAAAAAAACqxwzO0PBgAAAAAAAAAAAAMABAAACSAAAAAAAAAAAAAAAAAAAAALQ05SRyBQYXBlcnMAABAACAAAzmVF+gAAABEACAAAzO1VVgAAAAEAFAAKrFwACqwfAAT5/QAE+Y8AAhJ3AAIAU0NvcmU6VXNlcnM6AHBldGVyYmxvdXc6AERlc2t0b3A6AEFydGljbGVzOgBDTlJHIFBhcGVyczoARWxpYXNtaXRoX1NQQVVOX1NjaWVuY2UucGRmAAAOADgAGwBFAGwAaQBhAHMAbQBpAHQAaABfAFMAUABBAFUATgBfAFMAYwBpAGUAbgBjAGUALgBwAGQAZgAPAAoABABDAG8AcgBlABIASVVzZXJzL3BldGVyYmxvdXcvRGVza3RvcC9BcnRpY2xlcy9DTlJHIFBhcGVycy9FbGlhc21pdGhfU1BBVU5fU2NpZW5jZS5wZGYAABMAAS8AABUAAgAR//8AAIAG0hscHR5aJGNsYXNzbmFtZVgkY2xhc3Nlc11OU011dGFibGVEYXRhox0fIFZOU0RhdGFYTlNPYmplY3TSGxwiI1xOU0RpY3Rpb25hcnmiIiBfEA9OU0tleWVkQXJjaGl2ZXLRJidUcm9vdIABAAgAEQAaACMALQAyADcAQABGAE0AVQBgAGcAagBsAG4AcQBzAHUAdwCEAI4A0gDXAN8CuQK7AsACywLUAuIC5gLtAvYC+wMIAwsDHQMgAyUAAAAAAAACAQAAAAAAAAAoAAAAAAAAAAAAAAAAAAADJw==}}

@book{EliasmithAnderson:2003,
	Address = {Cambridge, MA},
	Author = {Eliasmith, C. and Anderson, C.},
	Date-Added = {2014-02-08 06:13:37 +0000},
	Date-Modified = {2014-02-09 07:58:50 +0000},
	Publisher = {MIT Press},
	Title = {Neural Engineering: Computation, Representation, and Dynamics in Neurobiological Systems},
	Year = {2003}}

@book{Eliasmith:2013,
	Address = {New York, NY},
	Author = {Eliasmith, C.},
	Date-Added = {2014-02-08 06:12:37 +0000},
	Date-Modified = {2014-02-09 07:12:16 +0000},
	Publisher = {Oxford University Press},
	Title = {How to build a brain: An architecture for neurobiological cognition},
	Year = {2013}}

@incollection{Eliasmith:2004,
	Address = {AAAI Fall Symposium},
	Author = {Eliasmith, C.},
	Booktitle = {Compositional Connectionism in Cognitive Science},
	Date-Added = {2014-02-08 06:10:12 +0000},
	Date-Modified = {2014-02-08 22:45:36 +0000},
	Editor = {S. Levy \& R. Gayler},
	Pages = {17-20},
	Publisher = {AAAI Press},
	Title = {Learning context sensitive logical inference in a neurobiological simulation},
	Year = {2004},
	Bdsk-File-1 = {YnBsaXN0MDDUAQIDBAUGJCVYJHZlcnNpb25YJG9iamVjdHNZJGFyY2hpdmVyVCR0b3ASAAGGoKgHCBMUFRYaIVUkbnVsbNMJCgsMDxJXTlMua2V5c1pOUy5vYmplY3RzViRjbGFzc6INDoACgAOiEBGABIAFgAdccmVsYXRpdmVQYXRoWWFsaWFzRGF0YV8QRS4uLy4uLy4uL0Rlc2t0b3AvQXJ0aWNsZXMvQ05SRyBQYXBlcnMvRWxpYXNtaXRoX0xvZ2ljYWxfSW5mZXJlbmNlLnBkZtIXCxgZV05TLmRhdGFPEQHmAAAAAAHmAAIAAARDb3JlAAAAAAAAAAAAAAAAAAAAAAAAAAAAAADOZQ26SCsAAAAKrFwfRWxpYXNtaXRoX0xvZ2ljYWxfSW5mZXJlbmNlLnBkZgAAAAAAAAAAAAAAAAAAAAAAAAAAAAAAAAAAAAAAAAAAAAqsbMyTQiQAAAAAAAAAAAADAAQAAAkgAAAAAAAAAAAAAAAAAAAAC0NOUkcgUGFwZXJzAAAQAAgAAM5lRfoAAAARAAgAAMyTemQAAAABABQACqxcAAqsHwAE+f0ABPmPAAISdwACAFdDb3JlOlVzZXJzOgBwZXRlcmJsb3V3OgBEZXNrdG9wOgBBcnRpY2xlczoAQ05SRyBQYXBlcnM6AEVsaWFzbWl0aF9Mb2dpY2FsX0luZmVyZW5jZS5wZGYAAA4AQAAfAEUAbABpAGEAcwBtAGkAdABoAF8ATABvAGcAaQBjAGEAbABfAEkAbgBmAGUAcgBlAG4AYwBlAC4AcABkAGYADwAKAAQAQwBvAHIAZQASAE1Vc2Vycy9wZXRlcmJsb3V3L0Rlc2t0b3AvQXJ0aWNsZXMvQ05SRyBQYXBlcnMvRWxpYXNtaXRoX0xvZ2ljYWxfSW5mZXJlbmNlLnBkZgAAEwABLwAAFQACABH//wAAgAbSGxwdHlokY2xhc3NuYW1lWCRjbGFzc2VzXU5TTXV0YWJsZURhdGGjHR8gVk5TRGF0YVhOU09iamVjdNIbHCIjXE5TRGljdGlvbmFyeaIiIF8QD05TS2V5ZWRBcmNoaXZlctEmJ1Ryb290gAEACAARABoAIwAtADIANwBAAEYATQBVAGAAZwBqAGwAbgBxAHMAdQB3AIQAjgDWANsA4wLNAs8C1ALfAugC9gL6AwEDCgMPAxwDHwMxAzQDOQAAAAAAAAIBAAAAAAAAACgAAAAAAAAAAAAAAAAAAAM7}}

@article{Eliasmith:2003,
	Author = {Eliasmith, C.},
	Date-Added = {2014-02-08 06:06:22 +0000},
	Date-Modified = {2014-02-08 22:45:27 +0000},
	Journal = {Journal of Philosophy},
	Pages = {493-520},
	Title = {Moving beyond metaphors: Understanding the mind for what it is},
	Volume = {C(10)},
	Year = {2003},
	Bdsk-File-1 = {YnBsaXN0MDDUAQIDBAUGJCVYJHZlcnNpb25YJG9iamVjdHNZJGFyY2hpdmVyVCR0b3ASAAGGoKgHCBMUFRYaIVUkbnVsbNMJCgsMDxJXTlMua2V5c1pOUy5vYmplY3RzViRjbGFzc6INDoACgAOiEBGABIAFgAdccmVsYXRpdmVQYXRoWWFsaWFzRGF0YV8QPS4uLy4uLy4uL0Rlc2t0b3AvQXJ0aWNsZXMvQ05SRyBQYXBlcnMvRWxpYXNtaXRoX01ldGFwaG9ycy5wZGbSFwsYGVdOUy5kYXRhTxEBxgAAAAABxgACAAAEQ29yZQAAAAAAAAAAAAAAAAAAAAAAAAAAAAAAzmUNukgrAAAACqxcF0VsaWFzbWl0aF9NZXRhcGhvcnMucGRmAAAAAAAAAAAAAAAAAAAAAAAAAAAAAAAAAAAAAAAAAAAAAAAAAAAAAAAKrG3KZGXsAAAAAAAAAAAAAwAEAAAJIAAAAAAAAAAAAAAAAAAAAAtDTlJHIFBhcGVycwAAEAAIAADOZUX6AAAAEQAIAADKZJ4sAAAAAQAUAAqsXAAKrB8ABPn9AAT5jwACEncAAgBPQ29yZTpVc2VyczoAcGV0ZXJibG91dzoARGVza3RvcDoAQXJ0aWNsZXM6AENOUkcgUGFwZXJzOgBFbGlhc21pdGhfTWV0YXBob3JzLnBkZgAADgAwABcARQBsAGkAYQBzAG0AaQB0AGgAXwBNAGUAdABhAHAAaABvAHIAcwAuAHAAZABmAA8ACgAEAEMAbwByAGUAEgBFVXNlcnMvcGV0ZXJibG91dy9EZXNrdG9wL0FydGljbGVzL0NOUkcgUGFwZXJzL0VsaWFzbWl0aF9NZXRhcGhvcnMucGRmAAATAAEvAAAVAAIAEf//AACABtIbHB0eWiRjbGFzc25hbWVYJGNsYXNzZXNdTlNNdXRhYmxlRGF0YaMdHyBWTlNEYXRhWE5TT2JqZWN00hscIiNcTlNEaWN0aW9uYXJ5oiIgXxAPTlNLZXllZEFyY2hpdmVy0SYnVHJvb3SAAQAIABEAGgAjAC0AMgA3AEAARgBNAFUAYABnAGoAbABuAHEAcwB1AHcAhACOAM4A0wDbAqUCpwKsArcCwALOAtIC2QLiAucC9AL3AwkDDAMRAAAAAAAAAgEAAAAAAAAAKAAAAAAAAAAAAAAAAAAAAxM=}}

@phdthesis{Eliasmith:2000,
	Address = {St. Louis},
	Author = {Eliasmith, C.},
	Date-Added = {2014-02-08 06:04:36 +0000},
	Date-Modified = {2014-02-08 22:45:13 +0000},
	School = {Washington University},
	Title = {How neurons mean: A neurocomputational theory of representational conten},
	Year = {2000},
	Bdsk-File-1 = {YnBsaXN0MDDUAQIDBAUGJCVYJHZlcnNpb25YJG9iamVjdHNZJGFyY2hpdmVyVCR0b3ASAAGGoKgHCBMUFRYaIVUkbnVsbNMJCgsMDxJXTlMua2V5c1pOUy5vYmplY3RzViRjbGFzc6INDoACgAOiEBGABIAFgAdccmVsYXRpdmVQYXRoWWFsaWFzRGF0YV8QRC4uLy4uLy4uL0Rlc2t0b3AvQXJ0aWNsZXMvQ05SRyBQYXBlcnMvRWxpYXNtaXRoX0hvd19OZXVyb25zX01lYW4ucGRm0hcLGBlXTlMuZGF0YU8RAeAAAAAAAeAAAgAABENvcmUAAAAAAAAAAAAAAAAAAAAAAAAAAAAAAM5lDbpIKwAAAAqsXB5FbGlhc21pdGhfSG93X05ldXJvbnNfTWVhbi5wZGYAAAAAAAAAAAAAAAAAAAAAAAAAAAAAAAAAAAAAAAAAAAAACqxryctstgAAAAAAAAAAAAMABAAACSAAAAAAAAAAAAAAAAAAAAALQ05SRyBQYXBlcnMAABAACAAAzmVF+gAAABEACAAAycuk9gAAAAEAFAAKrFwACqwfAAT5/QAE+Y8AAhJ3AAIAVkNvcmU6VXNlcnM6AHBldGVyYmxvdXc6AERlc2t0b3A6AEFydGljbGVzOgBDTlJHIFBhcGVyczoARWxpYXNtaXRoX0hvd19OZXVyb25zX01lYW4ucGRmAA4APgAeAEUAbABpAGEAcwBtAGkAdABoAF8ASABvAHcAXwBOAGUAdQByAG8AbgBzAF8ATQBlAGEAbgAuAHAAZABmAA8ACgAEAEMAbwByAGUAEgBMVXNlcnMvcGV0ZXJibG91dy9EZXNrdG9wL0FydGljbGVzL0NOUkcgUGFwZXJzL0VsaWFzbWl0aF9Ib3dfTmV1cm9uc19NZWFuLnBkZgATAAEvAAAVAAIAEf//AACABtIbHB0eWiRjbGFzc25hbWVYJGNsYXNzZXNdTlNNdXRhYmxlRGF0YaMdHyBWTlNEYXRhWE5TT2JqZWN00hscIiNcTlNEaWN0aW9uYXJ5oiIgXxAPTlNLZXllZEFyY2hpdmVy0SYnVHJvb3SAAQAIABEAGgAjAC0AMgA3AEAARgBNAFUAYABnAGoAbABuAHEAcwB1AHcAhACOANUA2gDiAsYCyALNAtgC4QLvAvMC+gMDAwgDFQMYAyoDLQMyAAAAAAAAAgEAAAAAAAAAKAAAAAAAAAAAAAAAAAAAAzQ=}}

@article{Edelman:1999,
	Author = {Edelman, S., and Breen, E.},
	Date-Added = {2014-02-08 06:02:51 +0000},
	Date-Modified = {2014-02-09 07:59:11 +0000},
	Journal = {Behavioral and Brain Sciences},
	Number = {4},
	Pages = {614},
	Title = {On the virtues of going all the way},
	Volume = {22},
	Year = {1999},
	Bdsk-File-1 = {YnBsaXN0MDDUAQIDBAUGJCVYJHZlcnNpb25YJG9iamVjdHNZJGFyY2hpdmVyVCR0b3ASAAGGoKgHCBMUFRYaIVUkbnVsbNMJCgsMDxJXTlMua2V5c1pOUy5vYmplY3RzViRjbGFzc6INDoACgAOiEBGABIAFgAdccmVsYXRpdmVQYXRoWWFsaWFzRGF0YV8QSS4uLy4uLy4uL0Rlc2t0b3AvQXJ0aWNsZXMvQ29uY2VwdHMvQmFyc2Fsb3VfUGVyY2VwdHVhbF9TeW1ib2xfU3lzdGVtcy5wZGbSFwsYGVdOUy5kYXRhTxEB8AAAAAAB8AACAAAEQ29yZQAAAAAAAAAAAAAAAAAAAAAAAAAAAAAAzmUNukgrAAAACqyUH0JhcnNhbG91X1BlcmNlcHR1YWxfUyNBQUM5Ny5wZGYAAAAAAAAAAAAAAAAAAAAAAAAAAAAAAAAAAAAAAAAAAAAKrJfJ5dOiAAAAAAAAAAAAAwAEAAAJIAAAAAAAAAAAAAAAAAAAAAhDb25jZXB0cwAQAAgAAM5lRfoAAAARAAgAAMnmC+IAAAABABQACqyUAAqsHwAE+f0ABPmPAAISdwACAFRDb3JlOlVzZXJzOgBwZXRlcmJsb3V3OgBEZXNrdG9wOgBBcnRpY2xlczoAQ29uY2VwdHM6AEJhcnNhbG91X1BlcmNlcHR1YWxfUyNBQUM5Ny5wZGYADgBOACYAQgBhAHIAcwBhAGwAbwB1AF8AUABlAHIAYwBlAHAAdAB1AGEAbABfAFMAeQBtAGIAbwBsAF8AUwB5AHMAdABlAG0AcwAuAHAAZABmAA8ACgAEAEMAbwByAGUAEgBRVXNlcnMvcGV0ZXJibG91dy9EZXNrdG9wL0FydGljbGVzL0NvbmNlcHRzL0JhcnNhbG91X1BlcmNlcHR1YWxfU3ltYm9sX1N5c3RlbXMucGRmAAATAAEvAAAVAAIAEf//AACABtIbHB0eWiRjbGFzc25hbWVYJGNsYXNzZXNdTlNNdXRhYmxlRGF0YaMdHyBWTlNEYXRhWE5TT2JqZWN00hscIiNcTlNEaWN0aW9uYXJ5oiIgXxAPTlNLZXllZEFyY2hpdmVy0SYnVHJvb3SAAQAIABEAGgAjAC0AMgA3AEAARgBNAFUAYABnAGoAbABuAHEAcwB1AHcAhACOANoA3wDnAtsC3QLiAu0C9gMEAwgDDwMYAx0DKgMtAz8DQgNHAAAAAAAAAgEAAAAAAAAAKAAAAAAAAAAAAAAAAAAAA0k=}}

@article{Dennet:1999,
	Author = {Dennett, D., and Viger, C.},
	Date-Added = {2014-02-08 06:01:30 +0000},
	Date-Modified = {2014-02-09 07:59:20 +0000},
	Journal = {Behavioral and Brain Sciences},
	Number = {4},
	Pages = {613},
	Title = {Sort-of symbols?},
	Volume = {22},
	Year = {1999},
	Bdsk-File-1 = {YnBsaXN0MDDUAQIDBAUGJCVYJHZlcnNpb25YJG9iamVjdHNZJGFyY2hpdmVyVCR0b3ASAAGGoKgHCBMUFRYaIVUkbnVsbNMJCgsMDxJXTlMua2V5c1pOUy5vYmplY3RzViRjbGFzc6INDoACgAOiEBGABIAFgAdccmVsYXRpdmVQYXRoWWFsaWFzRGF0YV8QSS4uLy4uLy4uL0Rlc2t0b3AvQXJ0aWNsZXMvQ29uY2VwdHMvQmFyc2Fsb3VfUGVyY2VwdHVhbF9TeW1ib2xfU3lzdGVtcy5wZGbSFwsYGVdOUy5kYXRhTxEB8AAAAAAB8AACAAAEQ29yZQAAAAAAAAAAAAAAAAAAAAAAAAAAAAAAzmUNukgrAAAACqyUH0JhcnNhbG91X1BlcmNlcHR1YWxfUyNBQUM5Ny5wZGYAAAAAAAAAAAAAAAAAAAAAAAAAAAAAAAAAAAAAAAAAAAAKrJfJ5dOiAAAAAAAAAAAAAwAEAAAJIAAAAAAAAAAAAAAAAAAAAAhDb25jZXB0cwAQAAgAAM5lRfoAAAARAAgAAMnmC+IAAAABABQACqyUAAqsHwAE+f0ABPmPAAISdwACAFRDb3JlOlVzZXJzOgBwZXRlcmJsb3V3OgBEZXNrdG9wOgBBcnRpY2xlczoAQ29uY2VwdHM6AEJhcnNhbG91X1BlcmNlcHR1YWxfUyNBQUM5Ny5wZGYADgBOACYAQgBhAHIAcwBhAGwAbwB1AF8AUABlAHIAYwBlAHAAdAB1AGEAbABfAFMAeQBtAGIAbwBsAF8AUwB5AHMAdABlAG0AcwAuAHAAZABmAA8ACgAEAEMAbwByAGUAEgBRVXNlcnMvcGV0ZXJibG91dy9EZXNrdG9wL0FydGljbGVzL0NvbmNlcHRzL0JhcnNhbG91X1BlcmNlcHR1YWxfU3ltYm9sX1N5c3RlbXMucGRmAAATAAEvAAAVAAIAEf//AACABtIbHB0eWiRjbGFzc25hbWVYJGNsYXNzZXNdTlNNdXRhYmxlRGF0YaMdHyBWTlNEYXRhWE5TT2JqZWN00hscIiNcTlNEaWN0aW9uYXJ5oiIgXxAPTlNLZXllZEFyY2hpdmVy0SYnVHJvb3SAAQAIABEAGgAjAC0AMgA3AEAARgBNAFUAYABnAGoAbABuAHEAcwB1AHcAhACOANoA3wDnAtsC3QLiAu0C9gMEAwgDDwMYAx0DKgMtAz8DQgNHAAAAAAAAAgEAAAAAAAAAKAAAAAAAAAAAAAAAAAAAA0k=}}

@book{Carey:2009,
	Address = {New York, NY},
	Author = {Carey, S.},
	Date-Added = {2014-02-08 05:59:58 +0000},
	Date-Modified = {2014-02-09 07:11:53 +0000},
	Publisher = {Oxford University Press},
	Title = {The origin of concepts},
	Year = {2009}}

@book{Carey:1985,
	Address = {Cambridge, MA},
	Author = {Carey, S.},
	Date-Added = {2014-02-08 05:58:47 +0000},
	Date-Modified = {2014-02-09 07:11:45 +0000},
	Publisher = {MIT Press},
	Title = {Conceptual change in childhood},
	Year = {1985}}

@inbook{Barsalou:2008,
	Author = {Barsalou, L. and Santos, A. and Simmons, W. and Wilson, C.},
	Chapter = {Language and simulation in conceptual processing},
	Date-Added = {2014-02-08 05:54:30 +0000},
	Date-Modified = {2014-02-09 22:17:38 +0000},
	Editor = {M. De Vega and A.M. Glenberg and A.C. Graesser},
	Pages = {245-283},
	Publisher = {Oxford University Press},
	Title = {Symbols, embodiment and meaning},
	Year = {2008}}

@article{Barsalou:2003,
	Author = {Barsalou, L. and Simmons, W. and Barbey, A. and Wilson, C.},
	Date-Added = {2014-02-08 05:51:58 +0000},
	Date-Modified = {2014-02-09 22:17:50 +0000},
	Journal = {Trends in Cognitive Science},
	Number = {2},
	Pages = {84-89},
	Title = {Grounding conceptual knowledge in modality-specific systems},
	Volume = {7},
	Year = {2003},
	Bdsk-File-1 = {YnBsaXN0MDDUAQIDBAUGJCVYJHZlcnNpb25YJG9iamVjdHNZJGFyY2hpdmVyVCR0b3ASAAGGoKgHCBMUFRYaIVUkbnVsbNMJCgsMDxJXTlMua2V5c1pOUy5vYmplY3RzViRjbGFzc6INDoACgAOiEBGABIAFgAdccmVsYXRpdmVQYXRoWWFsaWFzRGF0YV8QTi4uLy4uLy4uL0Rlc2t0b3AvQXJ0aWNsZXMvQ29uY2VwdHMvQmFyc2Fsb3VfR3JvdW5kaW5nX0NvbmNlcHR1YWxfS25vd2xlZGdlLnBkZtIXCxgZV05TLmRhdGFPEQH+AAAAAAH+AAIAAARDb3JlAAAAAAAAAAAAAAAAAAAAAAAAAAAAAADOZQ26SCsAAAAKrJQfQmFyc2Fsb3VfR3JvdW5kaW5nX0NvI0FBQzk2LnBkZgAAAAAAAAAAAAAAAAAAAAAAAAAAAAAAAAAAAAAAAAAAAAqslsnl7sAAAAAAAAAAAAADAAQAAAkgAAAAAAAAAAAAAAAAAAAACENvbmNlcHRzABAACAAAzmVF+gAAABEACAAAyeYnAAAAAAEAFAAKrJQACqwfAAT5/QAE+Y8AAhJ3AAIAVENvcmU6VXNlcnM6AHBldGVyYmxvdXc6AERlc2t0b3A6AEFydGljbGVzOgBDb25jZXB0czoAQmFyc2Fsb3VfR3JvdW5kaW5nX0NvI0FBQzk2LnBkZgAOAFgAKwBCAGEAcgBzAGEAbABvAHUAXwBHAHIAbwB1AG4AZABpAG4AZwBfAEMAbwBuAGMAZQBwAHQAdQBhAGwAXwBLAG4AbwB3AGwAZQBkAGcAZQAuAHAAZABmAA8ACgAEAEMAbwByAGUAEgBWVXNlcnMvcGV0ZXJibG91dy9EZXNrdG9wL0FydGljbGVzL0NvbmNlcHRzL0JhcnNhbG91X0dyb3VuZGluZ19Db25jZXB0dWFsX0tub3dsZWRnZS5wZGYAEwABLwAAFQACABH//wAAgAbSGxwdHlokY2xhc3NuYW1lWCRjbGFzc2VzXU5TTXV0YWJsZURhdGGjHR8gVk5TRGF0YVhOU09iamVjdNIbHCIjXE5TRGljdGlvbmFyeaIiIF8QD05TS2V5ZWRBcmNoaXZlctEmJ1Ryb290gAEACAARABoAIwAtADIANwBAAEYATQBVAGAAZwBqAGwAbgBxAHMAdQB3AIQAjgDfAOQA7ALuAvAC9QMAAwkDFwMbAyIDKwMwAz0DQANSA1UDWgAAAAAAAAIBAAAAAAAAACgAAAAAAAAAAAAAAAAAAANc}}

@article{Barsalou:1999,
	Author = {Barsalou, L.},
	Date-Added = {2014-02-08 05:49:37 +0000},
	Date-Modified = {2014-02-09 08:00:03 +0000},
	Journal = {Behavioral and Brain Sciences},
	Pages = {577-660},
	Title = {Perceptual symbol systems},
	Volume = {22},
	Year = {1999},
	Bdsk-File-1 = {YnBsaXN0MDDUAQIDBAUGJCVYJHZlcnNpb25YJG9iamVjdHNZJGFyY2hpdmVyVCR0b3ASAAGGoKgHCBMUFRYaIVUkbnVsbNMJCgsMDxJXTlMua2V5c1pOUy5vYmplY3RzViRjbGFzc6INDoACgAOiEBGABIAFgAdccmVsYXRpdmVQYXRoWWFsaWFzRGF0YV8QSS4uLy4uLy4uL0Rlc2t0b3AvQXJ0aWNsZXMvQ29uY2VwdHMvQmFyc2Fsb3VfUGVyY2VwdHVhbF9TeW1ib2xfU3lzdGVtcy5wZGbSFwsYGVdOUy5kYXRhTxEB8AAAAAAB8AACAAAEQ29yZQAAAAAAAAAAAAAAAAAAAAAAAAAAAAAAzmUNukgrAAAACqyUH0JhcnNhbG91X1BlcmNlcHR1YWxfUyNBQUM5Ny5wZGYAAAAAAAAAAAAAAAAAAAAAAAAAAAAAAAAAAAAAAAAAAAAKrJfJ5dOiAAAAAAAAAAAAAwAEAAAJIAAAAAAAAAAAAAAAAAAAAAhDb25jZXB0cwAQAAgAAM5lRfoAAAARAAgAAMnmC+IAAAABABQACqyUAAqsHwAE+f0ABPmPAAISdwACAFRDb3JlOlVzZXJzOgBwZXRlcmJsb3V3OgBEZXNrdG9wOgBBcnRpY2xlczoAQ29uY2VwdHM6AEJhcnNhbG91X1BlcmNlcHR1YWxfUyNBQUM5Ny5wZGYADgBOACYAQgBhAHIAcwBhAGwAbwB1AF8AUABlAHIAYwBlAHAAdAB1AGEAbABfAFMAeQBtAGIAbwBsAF8AUwB5AHMAdABlAG0AcwAuAHAAZABmAA8ACgAEAEMAbwByAGUAEgBRVXNlcnMvcGV0ZXJibG91dy9EZXNrdG9wL0FydGljbGVzL0NvbmNlcHRzL0JhcnNhbG91X1BlcmNlcHR1YWxfU3ltYm9sX1N5c3RlbXMucGRmAAATAAEvAAAVAAIAEf//AACABtIbHB0eWiRjbGFzc25hbWVYJGNsYXNzZXNdTlNNdXRhYmxlRGF0YaMdHyBWTlNEYXRhWE5TT2JqZWN00hscIiNcTlNEaWN0aW9uYXJ5oiIgXxAPTlNLZXllZEFyY2hpdmVy0SYnVHJvb3SAAQAIABEAGgAjAC0AMgA3AEAARgBNAFUAYABnAGoAbABuAHEAcwB1AHcAhACOANoA3wDnAtsC3QLiAu0C9gMEAwgDDwMYAx0DKgMtAz8DQgNHAAAAAAAAAgEAAAAAAAAAKAAAAAAAAAAAAAAAAAAAA0k=}}

@article{Murphy:1985,
	Author = {Murphy, G. and Medin, D.},
	Date-Added = {2014-02-07 23:07:43 +0000},
	Date-Modified = {2014-02-09 07:56:59 +0000},
	Journal = {Psychological Review},
	Number = {3},
	Pages = {289-316},
	Read = {0},
	Title = {The role of theories in conceptual coherence},
	Volume = {92},
	Year = {1985},
	Bdsk-File-1 = {YnBsaXN0MDDUAQIDBAUGJCVYJHZlcnNpb25YJG9iamVjdHNZJGFyY2hpdmVyVCR0b3ASAAGGoKgHCBMUFRYaIVUkbnVsbNMJCgsMDxJXTlMua2V5c1pOUy5vYmplY3RzViRjbGFzc6INDoACgAOiEBGABIAFgAdccmVsYXRpdmVQYXRoWWFsaWFzRGF0YV8QRS4uLy4uLy4uL0Rlc2t0b3AvQXJ0aWNsZXMvQ29uY2VwdHMvTXVycGh5X2FuZF9NZWRpbl9UaGVvcnlfVGhlb3J5LnBkZtIXCxgZV05TLmRhdGFPEQHkAAAAAAHkAAIAAARDb3JlAAAAAAAAAAAAAAAAAAAAAAAAAAAAAADOZQ26SCsAAAAKrJQfTXVycGh5X2FuZF9NZWRpbl9UaGVvI0FBQ0I0LnBkZgAAAAAAAAAAAAAAAAAAAAAAAAAAAAAAAAAAAAAAAAAAAAqstMoBeIYAAAAAAAAAAAADAAQAAAkgAAAAAAAAAAAAAAAAAAAACENvbmNlcHRzABAACAAAzmVF+gAAABEACAAAygGwxgAAAAEAFAAKrJQACqwfAAT5/QAE+Y8AAhJ3AAIAVENvcmU6VXNlcnM6AHBldGVyYmxvdXc6AERlc2t0b3A6AEFydGljbGVzOgBDb25jZXB0czoATXVycGh5X2FuZF9NZWRpbl9UaGVvI0FBQ0I0LnBkZgAOAEYAIgBNAHUAcgBwAGgAeQBfAGEAbgBkAF8ATQBlAGQAaQBuAF8AVABoAGUAbwByAHkAXwBUAGgAZQBvAHIAeQAuAHAAZABmAA8ACgAEAEMAbwByAGUAEgBNVXNlcnMvcGV0ZXJibG91dy9EZXNrdG9wL0FydGljbGVzL0NvbmNlcHRzL011cnBoeV9hbmRfTWVkaW5fVGhlb3J5X1RoZW9yeS5wZGYAABMAAS8AABUAAgAR//8AAIAG0hscHR5aJGNsYXNzbmFtZVgkY2xhc3Nlc11OU011dGFibGVEYXRhox0fIFZOU0RhdGFYTlNPYmplY3TSGxwiI1xOU0RpY3Rpb25hcnmiIiBfEA9OU0tleWVkQXJjaGl2ZXLRJidUcm9vdIABAAgAEQAaACMALQAyADcAQABGAE0AVQBgAGcAagBsAG4AcQBzAHUAdwCEAI4A1gDbAOMCywLNAtIC3QLmAvQC+AL/AwgDDQMaAx0DLwMyAzcAAAAAAAACAQAAAAAAAAAoAAAAAAAAAAAAAAAAAAADOQ==}}
